4158 5900
976 736 1157 817 JO.
1230 738 1582 816 FRID.
1653 736 2725 817 BLUMENBACHII

601 988 754 1029 PROF.
847 989 985 1029 MED.
1081 988 1273 1029 ORDIN.
1371 988 1578 1029 SOCIET.
1671 988 1796 1029 REG.
1894 988 2102 1029 SCIENT.
2195 988 2498 1029 GOETTING.
2592 988 2935 1029 LONDINENS.
3029 989 3097 1028 ET

605 1090 831 1130 SENENS.
946 1089 1120 1130 ACAD.
1235 1089 1621 1130 AMERICANAE
1733 1090 1852 1130 ART.
1967 1090 2036 1129 ET
2154 1089 2362 1130 SCIENT.
2477 1089 2555 1130 BO
2562 1089 2718 1130 STON.
2837 1089 3098 1130 ITALICAE

601 1190 858 1239 PISANAE,
965 1189 1379 1239 FLORENTINAE,
1488 1190 1773 1239 IMPERIAL,
1879 1190 2151 1230 NATVRAE
2261 1189 2597 1230 SCRVTATOR.
2707 1189 2797 1230 MO
2804 1189 3094 1230 SCOVIENS.

605 1290 812 1331 SOCIET.
979 1290 1148 1331 PHILO
1154 1291 1193 1331 S.
1362 1290 1869 1340 PHILADELPHICAE,
2037 1290 2547 1331 ROTTERODAMENS
2555 1326 2560 1331 .
2729 1291 3082 1331 HARLEMENS
3090 1326 3095 1331 .

602 1390 865 1431 MEDICAE
960 1391 1271 1440 PARISINAE,
1368 1390 1502 1431 MON
1508 1391 1780 1440 SPELIENS,
1877 1390 2220 1431 LONDINENS.
2319 1391 2673 1440 HAVNIENSIS,
2771 1390 3098 1440 TIGVRINAE,

601 1492 898 1532 PARISINAE
1025 1491 1510 1541 PHILOMATHICAE,
1638 1491 2152 1541 PHILOTECHNICAE,
2280 1491 2543 1532 MEDICAE
2669 1491 3098 1532 AEMVLATIONIS

601 1592 670 1631 ET
808 1591 1187 1641 GALVANICAE,
1327 1592 1751 1632 VETERINARIAE
1889 1592 2243 1641 HAVNIENSIS,
2382 1592 2652 1632 NATVRAE
2793 1591 3095 1632 CVRIOSOR.

601 1692 973 1733 BEROLINENS.
1075 1693 1409 1733 LINNEANAE
1508 1692 1905 1742 LONDINENSIS,
2003 1692 2387 1743 ALIARVMQVE
2485 1693 2740 1733 PLVRIVM
2843 1692 3097 1742 SODALIS,

1104 1818 1383 1858 INSTITVTI
1400 1818 1722 1858 IMPERIALIS
1740 1817 2010 1858 FRANCICI
2028 1817 2292 1858 CORRESP.

909 2019 999 2108 D
1088 2019 1165 2108 B
1257 2017 1335 2110 C
1425 2018 1519 2108 A
1612 2018 1671 2110 S
1883 2017 1969 2133 Q
2059 2020 2152 2110 V
2239 2019 2458 2109 IN
2548 2019 2621 2108 T
2704 2018 2798 2108 A

1012 2260 2203 2341 COLLECTIONIS
2312 2260 2691 2341 SVAE

656 2508 775 2647 C
919 2512 1051 2644 R
1184 2509 1324 2644 A
1457 2512 1602 2646 N
1742 2511 1799 2644 I
1944 2508 2074 2647 0
2218 2512 2350 2644 R
2476 2512 2616 2647 V
2746 2512 2917 2644 M

1000 2726 1973 2830 DIVERSARVM
2020 2727 2702 2830 GENTIVM

1320 2988 2375 3080 ILLVSTRATA.

1453 4431 2235 4500 GOETTINGAE

1089 4559 1357 4616 APVD
1414 4560 1961 4616 HENRICVM
2017 4560 2609 4616 DIETERICH.

1551 4672 2147 4728 MDCCCVHL

681 495 862 552 DEC.
891 495 1203 567 QVINTA
1220 495 1450 552 COLL.
1481 495 1681 552 SVAE
1707 495 1950 552 CRAN.
1978 496 2134 552 DIV.
2159 495 2390 552 GENT.
2415 495 2763 552 ILLVSTR.
3023 495 3053 552 3

605 2059 886 2160 Quando
964 2080 1225 2156 primum
1306 2080 1573 2139 animum
1654 2080 1729 2139 ad
1805 2080 2131 2156 parandam
2212 2099 2285 2139 ex
2366 2080 2618 2139 diuersis
2696 2099 2803 2156 per
2878 2088 3055 2139 terra-

601 2222 733 2262 rum
876 2203 1084 2262 orbem
1224 2203 1466 2279 populis
1611 2203 1948 2262 craniorum
2088 2203 2488 2262 humanorum
2632 2203 3056 2262 collectionem

604 2318 825 2394 appuli,
876 2318 1104 2377 variam
1154 2318 1399 2394 quidem
1450 2318 1750 2377 eiusmodi
1800 2318 2105 2394 congeriei
2153 2318 2468 2377 vtilitatem
2519 2318 2595 2377 ad
2643 2318 3054 2377 illustrandam

603 2434 837 2510 generis
926 2434 1173 2493 humani
1259 2434 1590 2493 naturalem
1676 2434 1988 2493 historiam
2074 2434 2375 2510 perspexi;
2464 2453 2660 2510 neque
2749 2434 3053 2493 defuturas

601 2549 752 2607 mihi
809 2549 1163 2608 occasiones
1223 2549 1459 2625 speraui
1516 2568 1590 2608 ex
1645 2549 2015 2625 principibus
2074 2549 2309 2625 generis
2365 2549 2613 2608 humani
2669 2549 3052 2608 varietatibus

602 2684 789 2724 vnum
877 2665 1204 2724 alterumue
1293 2665 1603 2741 specimen
1690 2665 2054 2741 acquirendi.
2143 2668 2361 2724 Verum
2447 2665 2533 2724 vti
2620 2665 2796 2724 istam
2885 2684 3055 2741 spem

605 2799 920 2839 successus
996 2799 1176 2856 quem
1250 2788 1526 2856 expertus
1601 2799 1734 2839 sum
1806 2780 1957 2839 vltra
2029 2780 2509 2856 expectationem
2584 2780 2901 2856 superauit,
2978 2780 3058 2839 ita

604 2903 660 2954 et
750 2895 1066 2954 vtilitatem
1159 2914 1233 2954 ex
1326 2895 1524 2954 studio
1614 2895 1792 2954 huius
1887 2895 2277 2971 supellectilis
2371 2895 2778 2967 deriuandam,
2874 2895 3053 2971 longe

602 3010 941 3069 vberiorem
1028 3018 1084 3069 et
1167 3010 1362 3086 magis
1447 3010 1838 3069 multifariam
1926 3010 2308 3086 deprehendi,
2399 3029 2579 3086 quam
2665 3010 2910 3086 quidem
2997 3010 3058 3068 in

604 3134 983 3185 antecessum
1005 3134 1293 3202 putaram.

902 3303 984 3359 Vt
1023 3300 1184 3359 enim
1222 3319 1416 3376 pauca
1452 3308 1681 3359 tantum
1722 3319 1753 3359 e
1791 3300 1996 3359 multis
2035 3300 2134 3359 hic
2172 3319 2507 3359 memorare
2549 3300 2742 3372 liceat,
2785 3300 3055 3359 inseruiit

601 3415 752 3473 mihi
777 3415 889 3474 ista
913 3415 1194 3474 collectio

911 3591 957 3648 1.
1014 3589 1090 3648 ad
1142 3589 1438 3665 quosdam
1492 3589 1859 3648 characteres
1914 3589 2292 3648 distinctiuos
2344 3589 2609 3648 humano
2663 3589 2867 3665 generi
2918 3608 3053 3665 pro-

601 3705 764 3781 prios
863 3705 1333 3777 constituendos,
1434 3724 1553 3781 quo
1651 3705 1895 3781 quidem
1993 3705 2264 3781 inprimis
2363 3705 2631 3764 dentium
2728 3705 3056 3764 incisorum

604 3820 954 3879 inferiorum
1017 3820 1196 3879 situm
1257 3828 1538 3892 erectum,
1602 3828 1659 3879 et
1718 3820 1882 3896 quod
1938 3820 2078 3879 huic
2137 3820 2427 3896 positioni
2484 3820 2824 3896 respondet,
2886 3839 3053 3879 men-

601 3943 728 3994 tum
751 3935 1179 4011 prominulum,
1204 3935 1418 3994 refero.

903 4111 957 4168 2.
1016 4109 1092 4168 ad
1142 4109 1607 4185 pulcherrimam
1663 4117 1720 4168 et
1773 4109 1944 4185 quasi
1999 4109 2257 4168 idealem
2313 4109 2524 4185 capitis
2580 4109 2742 4168 ossei
2797 4109 3055 4168 formam

601 4225 936 4284 normalem
991 4225 1536 4297 demonstrandam,
1594 4225 1691 4284 cui
1746 4244 1934 4301 scopo
1987 4246 2040 4284 v.
2096 4244 2145 4284 c.
2204 4225 2495 4284 eximium
2550 4225 2812 4284 feminae
2868 4227 3055 4284 Geor-

603 4340 815 4416 gianae
842 4340 1109 4399 cranium
1135 4340 1202 4415 (—
1224 4343 1371 4399 Dec.
1401 4343 1480 4398 III
1503 4340 1619 4399 tab.
1648 4342 1744 4399 21.
1770 4340 1838 4415 —)
1864 4340 2391 4399 accommodatum
2417 4348 2521 4399 est.

1683 4516 1794 4572 AZ
2884 4514 3043 4573 3.ad

1202 510 1240 566 4
1865 511 2024 567 J.F.
2081 510 2892 567 BLVMENBACHII

1504 730 1557 787 3.
1629 728 1705 787 ad
1770 728 2005 804 generis
2072 728 2320 787 humani
2386 728 2700 787 varietates
2770 736 3063 804 quotquot
3127 728 3414 787 hactenus
3484 728 3653 787 inno-

1201 851 1452 915 tuerunt,
1512 843 1616 902 vni
1674 843 1992 919 eidemque
2052 843 2278 919 speciei
2334 843 2746 915 vindicandas,
2808 862 2960 919 quae
3016 862 3123 919 per
3177 843 3376 902 varios
3435 843 3652 919 gradus

1204 959 1354 1018 inter
1404 959 1581 1018 binae
1636 959 1951 1018 vniuersae
2009 959 2205 1018 scalae
2261 967 2542 1031 extrema,
2597 959 3022 1035 Aethiopicam
3078 959 3309 1018 scilicet
3363 967 3420 1018 et
3473 962 3653 1018 Mon-

1203 1074 1467 1150 golicam
1493 1074 1769 1146 formam,
1798 1074 2050 1133 infinitis
2074 1074 2275 1133 modis
2302 1074 2466 1133 ludit.

1502 1250 1557 1307 4.
1631 1248 1704 1307 ab
1775 1248 1957 1307 altera
2024 1267 2167 1307 vero
2236 1256 2399 1324 parte
2470 1256 2527 1307 et
2596 1248 2671 1307 ad
2740 1248 3220 1307 confirmandam
3291 1248 3656 1307 diuisionem

1203 1363 1437 1439 generis
1507 1363 1755 1422 humani
1826 1363 1886 1421 in
1956 1363 2167 1439 quinas
2237 1363 2551 1422 varietates
2624 1363 2984 1422 Caucasiam
3054 1363 3317 1439 inquam,
3389 1366 3652 1439 Mongo-

1204 1479 1402 1551 licam,
1426 1479 1869 1555 Aethiopicam,
1893 1479 2318 1538 Americanam
2344 1487 2400 1538 et
2422 1479 2769 1538 Malaicam.

1505 1655 1557 1711 5.
1630 1652 1706 1711 ad
1773 1652 2193 1728 explicandam
2262 1652 2520 1711 formam
2587 1652 2839 1711 mixtam
2908 1671 3059 1728 quae
3127 1671 3346 1728 nempe
3413 1652 3654 1728 populis

1204 1787 1277 1827 ex
1332 1768 1701 1827 diuersarum
1754 1768 2107 1827 varietatum
2161 1768 2465 1827 connubio
2521 1768 2662 1827 ortis
2715 1768 2955 1844 propria
3008 1776 3113 1840 est,
3169 1776 3232 1827 vt
3283 1787 3375 1827 vc.
3434 1770 3654 1827 Casac-

1204 1883 1290 1942 cis
1317 1883 1383 1958 (—
1405 1886 1553 1942 Dec.
1582 1886 1622 1942 I.
1650 1883 1766 1942 tab.
1794 1885 1850 1942 4.
1875 1883 1961 1958 —),
1988 1883 2246 1959 Kirgisis
2273 1883 2339 1958 (—
2361 1886 2509 1942 Dec.
2538 1886 2606 1942 II.
2633 1883 2750 1942 tab.
2786 1885 2875 1942 13.
2900 1883 2968 1958 —)
2995 1891 3104 1942 etc.

1504 2059 1557 2116 6.
1626 2057 1702 2116 ad
1764 2057 2077 2116 diluendas
2143 2057 2461 2133 opiniones
2527 2057 2600 2116 de
2663 2057 2935 2133 putatitia
2996 2057 3195 2116 vultus
3263 2057 3653 2116 similitudine

1204 2172 1354 2231 inter
1399 2172 1637 2231 dissitas
1687 2172 1979 2248 quasdam
2026 2180 2252 2248 gentes,
2303 2191 2449 2248 quas
2500 2172 2637 2231 ideo
2686 2172 2836 2231 inter
2882 2191 2945 2231 se
2994 2172 3212 2231 affines
3262 2180 3319 2231 et
3366 2180 3651 2248 cognatas

1204 2288 1596 2360 crediderunt,
1664 2296 1728 2347 vt
1791 2296 2061 2347 veterum
2124 2288 2563 2364 Aegyptiorum
2630 2307 2768 2347 cum
2839 2288 3210 2360 Sinensibus,
3280 2296 3379 2347 aut
3441 2288 3657 2347 horum

1204 2403 1471 2479 ipsorum
1498 2422 1636 2462 cum
1660 2403 2067 2462 Hottentottis.

1504 2580 1557 2636 7.
1607 2577 1810 2653 vtique
1857 2596 2001 2636 vero
2049 2577 2125 2636 ad
2171 2577 2586 2636 illustrandum
2633 2585 2827 2636 ortum
2875 2577 3249 2653 quorundam
3294 2577 3657 2653 populorum

1204 2692 1306 2768 qui
1376 2692 1587 2768 capitis
1660 2692 2139 2751 conformatione
2211 2692 2518 2751 euidenter
2587 2711 2726 2751 cum
2796 2692 2929 2751 aliis
3002 2692 3362 2768 quibusdam
3433 2711 3653 2751 conue-

1201 2808 1387 2880 niunt,
1477 2816 1541 2867 vt
1624 2808 1808 2884 prisci
1896 2808 2174 2867 Guanchi
2262 2808 2590 2867 insularum
2678 2808 3108 2867 fortunatarum
3197 2827 3335 2867 cum
3422 2808 3654 2884 Libyco

1205 2931 1516 2982 stemmate
1602 2931 1872 2982 veterum
1954 2923 2393 2999 Aegyptiorum
2479 2923 2546 2998 (—
2629 2926 2776 2982 Dec.
2864 2926 2932 2982 V.
3014 2923 3131 2982 tab.
3219 2925 3316 2982 42.
3403 2923 3470 2998 —)
3558 2931 3657 2982 aut

1203 3042 1438 3098 Iacutae
1465 3058 1604 3098 cum
1629 3039 1761 3098 aliis
1786 3039 2102 3115 Mongolis
2129 3039 2195 3114 (—
2217 3042 2365 3098 Dec.
2394 3042 2462 3098 II.
2489 3039 2605 3098 tab.
2642 3041 2730 3098 15.
2756 3039 2824 3114 —)

1506 3214 1557 3271 8.
1596 3212 1672 3271 ad
1704 3212 2091 3288 explicandas
2127 3212 2419 3288 quasdam
2451 3212 2904 3288 physiologicas
2941 3212 3310 3271 diuersarum
3343 3212 3655 3271 nationum

1201 3328 1609 3404 proprietates,
1715 3347 1808 3387 vc.
1917 3328 2218 3404 insignem
2323 3328 2638 3387 odoratum
2738 3328 3108 3404 Aethiopum
3213 3336 3269 3387 et
3372 3328 3655 3387 Indorum

1202 3443 1521 3502 Americae
1545 3443 1805 3502 borealis
1832 3443 1899 3518 (—
1920 3446 2068 3502 Dec.
2098 3446 2138 3502 I.
2165 3443 2282 3502 tab.
2311 3445 2365 3502 9.
2391 3443 2458 3518 —)

1202 3620 1420 3676 Verum
1496 3625 1669 3676 taceo
1745 3636 2098 3676 numerosas
2179 3617 2325 3676 alias
2404 3617 2856 3676 obseruationes
2936 3617 3151 3693 quibus
3232 3617 3656 3693 quadragintae

1204 3732 1498 3791 caluariae
1574 3751 1720 3808 quas
1797 3751 1870 3791 ex
1946 3732 2318 3808 supellectile
2391 3751 2530 3791 mea
2603 3732 2874 3804 selectas,
2951 3732 3251 3808 quaternis
3327 3732 3654 3791 decadibus

1201 3848 1488 3907 hactenus
1562 3848 1911 3924 selegeram,
1985 3867 2192 3907 ansam
2261 3848 2674 3924 praebuerunt,
2747 3856 2804 3907 et
2870 3848 2964 3907 his
3033 3856 3318 3924 tanquam
3388 3848 3655 3924 comple-

1201 3971 1489 4035 mentum,
1577 3963 1845 4039 quintam
1930 3963 2122 4022 adhuc
2209 3963 2499 4022 decadem
2585 3963 2884 4039 subiungo
2970 3963 3307 4022 craniorum
3389 3963 3654 4022 maxime

1201 4079 1688 4138 memorabilium
1778 4087 1835 4138 et
1921 4079 2383 4151 rarissimorum;
2476 4079 2691 4155 quibus
2779 4079 3022 4138 tandem
3111 4079 3318 4138 vnicas
3407 4079 3653 4138 maioris

1201 4194 1495 4253 momenti
1561 4194 1803 4253 lacunas
1871 4194 1933 4252 in
1997 4194 2110 4253 ista
2174 4194 2533 4253 collectione
2600 4194 2779 4270 (quae
2847 4194 2989 4253 dum
3053 4194 3202 4253 haec
3271 4194 3467 4253 scribo
3540 4196 3653 4253 134

1204 4310 1469 4369 continet
1494 4310 1870 4386 specimina),
1900 4310 2155 4369 feliciter
2179 4310 2445 4386 expletas
2472 4329 2605 4369 esse
2632 4310 2830 4369 dicere
2856 4310 3067 4369 ausim.

681 495 862 552 DEC.
891 495 1203 567 QVINTA
1220 495 1450 552 COLL.
1481 495 1681 552 SVAE
1707 495 1950 552 CRAN.
1978 496 2134 552 DIV.
2159 495 2390 552 GENT.
2415 495 2763 552 ILLVSTR.
3024 496 3056 552 5

1429 716 1894 774 VARIETATIS
1921 717 2233 773 PRIMAE

1129 821 1994 890 SPECIMINA
2104 822 2528 890 BINA.

1533 1051 1728 1119 XLI.
1760 1049 2128 1119 ARMENI.

1588 1214 1653 1283 (—
1673 1213 1810 1270 Tab.
1837 1215 1985 1270 XLI.
2011 1214 2074 1283 —)

902 1390 1192 1465 Equidem
1252 1409 1285 1448 e
1345 1390 1631 1448 Caucasia
1689 1391 1984 1459 varietate,
2044 1399 2247 1465 vtpote
2307 1409 2485 1465 quam
2543 1409 2649 1465 pro
2708 1391 3056 1465 primigenia

602 1510 818 1568 habere
934 1529 1071 1568 cum
1186 1510 1587 1585 physiologica
1703 1519 1828 1568 tum
1944 1510 2221 1568 historica
2338 1519 2677 1585 argumenta
2794 1510 3053 1579 suadent,

602 1631 860 1705 primum
941 1630 1184 1705 prodeat
1265 1639 1439 1705 caput
1519 1649 1757 1688 osseum
1838 1631 2106 1699 Armeni,
2190 1631 2353 1688 cuius
2435 1639 2671 1705 gentem
2753 1630 2826 1688 ad
2908 1631 3051 1688 anti-

603 1751 914 1825 quissimas
972 1751 1241 1808 omnium
1297 1751 1531 1819 referre,
1591 1751 1715 1808 imo
1771 1769 1910 1808 vero
1969 1751 2134 1825 quasi
2191 1769 2297 1825 pro
2356 1750 2754 1825 aboriginibus
2811 1750 3054 1808 humani

602 1871 830 1945 generis
905 1870 1121 1928 habere
1196 1870 1350 1939 licet,
1429 1870 1718 1945 siquidem
1794 1889 1866 1928 ex
1940 1871 2260 1928 Armeniae
2335 1871 2622 1928 montosis
2698 1871 2846 1945 iugis
2922 1879 3056 1945 post

602 1990 955 2048 noachicum
1064 1990 1353 2048 diluuium
1462 1990 1619 2048 orbis
1729 1991 2017 2065 terraquei
2126 1990 2349 2048 incolas
2458 1990 2652 2048 denuo
2762 1990 3056 2048 deriuatos

604 2111 958 2185 accepimus.

903 2288 1112 2346 Debeo
1168 2288 1282 2346 hoc
1340 2289 1605 2346 cranium
1662 2289 1955 2346 amicitiae
2012 2288 2101 2346 Cl.
2164 2290 2507 2357 HACQUET,
2567 2297 2867 2346 anatomes
2923 2307 3055 2363 pro-

602 2409 843 2466 fessoris
867 2409 929 2465 in
953 2408 1256 2466 academia
1280 2408 1715 2483 Lembergensi.

902 2587 1031 2644 Viri
1089 2595 1192 2655 est,
1253 2587 1329 2644 67
1391 2605 1695 2655 annorum,
1755 2586 1898 2644 dum
1955 2587 2015 2643 in
2070 2587 2221 2644 viuis
2280 2595 2450 2655 esset,
2510 2587 2622 2661 ipsi
2686 2588 3058 2655 HACQUETO

602 2706 786 2781 probe
810 2707 951 2764 noti.

903 2885 1122 2943 Habitu
1174 2904 1279 2943 suo
1331 2886 1600 2960 proxime
1653 2885 1724 2943 ab
1777 2904 1850 2943 eo
1905 2885 2067 2943 abest
2118 2904 2295 2960 quem
2347 2885 2556 2943 iudaea
2607 2904 2748 2960 gens
2800 2904 2940 2960 prae
2993 2904 3056 2943 se

602 3006 731 3074 fert,
801 3006 1062 3063 maxime
1131 3006 1178 3063 si
1244 3024 1453 3063 nasum
1521 3005 1815 3063 aduncum
1883 3014 1939 3063 et
2005 3014 2272 3063 mentum
2339 3005 2738 3080 prominulum
2806 3014 3052 3080 spectes,

601 3134 804 3200 vtpote
874 3126 936 3182 in
1005 3125 1214 3200 quibus
1287 3125 1656 3183 simillimum
1726 3134 1813 3183 est
1882 3125 2171 3183 caluariae
2240 3125 2435 3183 iudaei
2506 3126 2824 3183 centenarii
2895 3125 3055 3200 quod

604 3254 772 3303 antea
843 3245 1082 3303 exhibui
1157 3246 1221 3317 (—
1292 3247 1439 3303 Dec.
1514 3247 1614 3303 IV.
1690 3245 1804 3303 tab.
1882 3246 1976 3303 34.
2050 3246 2134 3317 —).
2209 3247 2281 3303 Et
2351 3246 2412 3302 in
2481 3246 2821 3303 vniuersum
2892 3245 3051 3303 lucu-

602 3365 820 3423 lentam
927 3365 1256 3440 analogiam
1361 3384 1511 3440 quae
1615 3365 1966 3440 gentilitium
2070 3366 2370 3440 vtriusque
2474 3366 2724 3423 nationis
2828 3365 3055 3423 vultum

602 3485 927 3554 intercedit,
995 3494 1120 3543 tum
1185 3485 1334 3542 mihi
1399 3486 1512 3560 ipsi
1577 3486 1637 3542 in
1702 3486 1877 3543 curiis
1942 3494 2337 3543 mercatorum
2400 3485 2601 3543 videre
2665 3485 2843 3554 licuit,
2911 3504 3055 3560 quas

602 3606 946 3680 praesertim
1008 3605 1445 3663 Amstelodami
1509 3614 1565 3663 et
1627 3605 1882 3663 Londini
1945 3624 2014 3663 ea
2076 3624 2282 3663 caussa
2345 3605 2606 3663 studiose
2668 3606 3052 3680 frequentaui,

601 3734 663 3783 vt
755 3725 1122 3783 diuersarum
1214 3726 1477 3800 gentium
1570 3726 1799 3783 natiuos
1895 3725 2257 3783 characteres
2351 3726 2609 3783 inuicem
2703 3726 3056 3794 conferrem;

603 3854 728 3903 tum
779 3864 918 3903 vero
972 3854 1028 3903 et
1081 3846 1533 3903 accuratissimis
1587 3854 1644 3903 et
1695 3846 1860 3920 quasi
1912 3845 2204 3920 graphicis
2257 3846 2679 3903 Armeniorum
2732 3845 3053 3920 descripto-

602 3965 761 4023 ribus
841 3974 1183 4023 annotatum
1261 3974 1364 4034 est,
1445 3984 1478 4023 e
1557 3984 1809 4040 quorum
1886 3984 2132 4023 numero
2210 3966 2406 4040 ipsum
2489 3967 2921 4034 HACQUETUM
2999 3966 3060 4022 in

602 4085 842 4143 historia
909 4086 1130 4143 itineris
1198 4104 1303 4160 per
1369 4086 1591 4143 Daciae
1659 4094 1715 4143 et
1783 4085 2105 4143 Sarmatiae
2172 4086 2498 4160 carpaticos
2566 4094 2797 4143 montes
2869 4105 2907 4143 et
2911 4086 2933 4157 )
3004 4094 3060 4143 et

604 4205 693 4263 Cl.
759 4205 1018 4263 GEORGI
1076 4206 1137 4262 in
1196 4205 1439 4263 classica
1499 4205 1573 4263 de
1632 4205 1901 4280 gentibus
1962 4224 2111 4280 quae
2169 4206 2508 4263 vniuersum
2568 4206 2883 4263 Russicum
2943 4206 3052 4262 im-

602 4326 832 4400 perium
856 4325 1180 4383 inhabitant
1203 4344 1382 4400 opere
1408 4325 1445 4383 b
1447 4326 1489 4397 ),
1516 4326 1855 4383 nominasse
1880 4325 2143 4383 sufficiat.

1592 4502 1706 4559 A3
2789 4504 2859 4559 Et

753 4674 798 4731 a)
819 4675 983 4720 Reisen
1002 4673 1148 4720 durch
1168 4673 1243 4720 die
1260 4673 1525 4720 Dacischen
1545 4673 1643 4720 und
1658 4673 2001 4720 Sarmatischen
2019 4673 2288 4733 Karpathen
2309 4675 2360 4720 T.
2384 4675 2437 4720 II.
2458 4688 2504 4733 p.
2527 4673 2637 4720 208.

751 4793 818 4851 b).
840 4793 1181 4853 Beschreibung
1200 4793 1318 4840 aller
1334 4795 1564 4840 Nationen
1583 4793 1665 4840 des
1682 4793 1958 4840 Russischen
1976 4793 2151 4840 Reichs.
2177 4808 2222 4853 p.
2244 4794 2355 4840 451.

1204 510 1238 567 6
1865 511 2024 567 J.F.
2081 510 2892 567 BLVMENBACHII

1502 912 1574 968 Et
1636 910 1875 985 quidem
1938 910 2055 979 ille,
2121 911 2220 985 qui
2284 911 2412 985 ipse
2475 929 2752 985 magnam
2815 912 3086 985 Europae
3149 919 3376 985 partem
3440 911 3653 979 inuisit,

1203 1049 1476 1105 expresse
1546 1039 1852 1099 memorat,
1926 1039 1983 1088 et
2051 1030 2165 1088 hoc
2237 1031 2537 1088 Armeniis
2608 1049 2745 1088 cum
2815 1030 3045 1088 Iudaeis
3116 1049 3246 1088 esse
3317 1049 3653 1099 commune,

1203 1150 1362 1225 quod
1450 1150 1802 1225 gentilitium
1890 1151 2068 1208 istum
2155 1150 2382 1208 vultum
2470 1150 2562 1208 vel
2651 1151 2712 1207 in
2799 1151 3210 1208 remotissimis
3299 1150 3654 1225 regionibus,

1203 1271 1433 1328 etiamsi
1521 1289 1619 1328 eas
1706 1289 1812 1345 per
1897 1270 2135 1345 longam
2222 1271 2341 1328 iam
2428 1271 2871 1345 generationum
2960 1271 3172 1328 seriem
3260 1270 3652 1339 inhabitarint,

1202 1391 1579 1448 immutatum
1636 1399 1833 1448 tamen
1890 1399 2141 1459 seruent;
2197 1391 2321 1448 imo
2378 1399 2435 1448 et
2489 1391 2740 1448 infantes
2797 1409 3005 1448 eorum
3062 1409 3094 1448 a
3149 1399 3311 1465 patre
3367 1391 3655 1448 Armenio

1203 1529 1275 1568 ex
1332 1519 1517 1568 matre
1578 1510 1722 1568 alius
1780 1511 1967 1585 gentis
2026 1519 2212 1579 natos,
2272 1510 2655 1568 nihilominus
2714 1519 2989 1585 paternae
3049 1511 3241 1585 stirpis
3300 1510 3651 1585 physiogno-

1202 1631 1386 1688 miam
1411 1639 1636 1688 tantum
1660 1649 1779 1688 non
1801 1630 1974 1705 plane
1998 1631 2406 1688 intemeratam
2430 1649 2570 1705 prae
2595 1649 2658 1688 se
2682 1631 2851 1688 ferre.

1505 1808 1881 1867 Characteres
1926 1811 2210 1882 primarii.
2267 1809 2413 1866 Nasi
2467 1827 2602 1866 ossa
2654 1808 2823 1866 valde
2878 1817 3237 1883 exporrecta,
3295 1827 3327 1866 a
3380 1808 3656 1866 lateribus

1203 1947 1560 2003 compressa,
1655 1937 1713 1986 et
1805 1937 1975 1986 acuto
2069 1928 2285 1986 dorsali
2377 1929 2513 2003 iugo
2606 1928 2988 1986 decurrentia.
3083 1930 3265 1986 Frons
3357 1928 3651 1986 reclinata.

1204 2048 1472 2106 Glabella
1596 2049 1953 2123 prominens,
2080 2057 2137 2106 et
2261 2048 2463 2106 tubera
2589 2049 2822 2106 sinuum
2946 2048 3285 2106 frontalium
3410 2048 3653 2123 turgida,

1202 2168 1451 2226 Maxilla
1473 2177 1715 2243 vtraque
1742 2177 1999 2243 angusta.

1501 2346 1632 2404 Alia
1705 2346 2034 2404 obseruata.
2111 2346 2382 2404 Caluaria
2453 2347 2660 2415 tenuis,
2734 2347 3112 2421 proportione
3182 2346 3346 2404 leuis.
3421 2348 3657 2404 Meatus

1204 2466 1474 2524 auditorii
1499 2467 1721 2524 externi
1747 2467 1992 2541 angusti.

681 495 862 552 DEC.
891 495 1203 567 QVINTA
1220 495 1450 552 COLL.
1481 495 1681 552 SVAE
1707 495 1950 552 CRAN.
1978 496 2134 552 DIV.
2159 495 2390 552 GENT.
2415 495 2763 552 ILLVSTR.
3023 496 3058 552 7

1151 956 1387 1024 XLII.
1419 954 1810 1025 GUANCHI
1840 956 2509 1025 TENERIFFENSIS.

1575 1120 1639 1189 (—
1660 1119 1797 1176 Tab.
1823 1121 1998 1176 XLII.
2024 1120 2087 1189 —)

902 1298 1056 1354 Inter
1141 1296 1374 1354 cimelia
1459 1297 1649 1354 musei
1734 1297 1854 1354 mei
1941 1296 2407 1371 anthropologici
2493 1297 2683 1354 refero
2770 1297 3057 1371 integram

602 1417 891 1474 mumiam
975 1417 1187 1474 veteris
1277 1416 1547 1474 Guanchi
1632 1417 1708 1488 c),
1796 1417 2119 1491 pretiosum
2204 1416 2427 1474 donum
2511 1416 2698 1491 perill.
2787 1418 3059 1474 BANKSII

603 1537 766 1594 cuius
791 1536 1221 1594 munilicentim
1246 1537 1418 1594 toties
1442 1537 1562 1594 iam
1587 1545 1858 1611 expertus
1885 1555 2031 1594 sum.

829 1714 1130 1786 Quantum
1198 1733 1270 1772 ex
1336 1715 1593 1772 vniuersi
1661 1715 1925 1789 corporis
1992 1714 2211 1783 habitu,
2282 1714 2535 1772 thoracis
2605 1714 2678 1772 ad
2744 1714 2843 1772 ilia
2910 1714 3053 1772 rela-

603 1835 778 1903 tione,
861 1834 1158 1892 clauiculis
1239 1843 1348 1892 etc.
1431 1835 1725 1892 coniicere
1803 1834 1957 1903 licet,
2038 1834 2324 1892 muliebre
2402 1843 2489 1892 est
2567 1834 2835 1903 cadauer,
2918 1853 3054 1892 cum

603 1973 675 2012 ex
758 1963 921 2012 antro
1005 1954 1314 2029 sepulcrali
1397 1954 1773 2012 subterraneo
1856 1955 2184 2012 Teneriffae
2265 1954 2603 2012 Londinum
2686 1954 3053 2023 afferebatur,

602 2093 707 2149 pro
801 2093 967 2132 more
1060 2075 1386 2149 priscarum
1479 2075 1722 2132 istarum
1815 2075 1876 2131 in
1968 2074 2170 2132 insulis
2264 2075 2571 2132 fortunatis
2667 2074 3053 2149 aboriginum,

603 2203 792 2252 totum
873 2203 1156 2269 quantum
1238 2195 1413 2252 coriis
1495 2195 1766 2269 caprinis,
1850 2213 1999 2269 quae
2080 2195 2199 2252 iam
2282 2194 2469 2252 soluta
2551 2213 2741 2263 seruo,
2825 2195 3056 2252 curiose

602 2315 860 2372 insutum
885 2314 927 2372 d
926 2315 968 2386 ).

827 2494 1027 2567 Ipsum
1073 2511 1285 2567 corpus
1331 2492 1504 2567 plane
1549 2492 1864 2550 inodorum
1909 2493 2128 2550 mirum
2172 2493 2234 2549 in
2278 2492 2526 2550 modum
2572 2493 2931 2550 exsiccatum
2980 2493 3056 2564 e),

602 2613 680 2670 ita
733 2621 795 2670 vt
849 2612 1079 2670 ossibus
1134 2612 1386 2670 musculi
1441 2612 1686 2670 firmiter
1740 2612 2107 2681 adhaereant,
2164 2613 2580 2687 integumentis
2636 2631 2785 2687 quae
2838 2631 3053 2670 vocan-

603 2741 694 2790 tur
763 2732 1178 2790 communibus
1251 2733 1445 2790 stricte
1516 2732 1754 2801 obtecti,
1826 2732 2123 2790 ventribus
2193 2751 2332 2790 vero
2404 2732 2728 2807 encephali,
2802 2732 3055 2790 thoracis

603 2861 660 2910 et
685 2852 1017 2910 abdominis
1040 2853 1268 2910 viscera
1293 2852 1482 2910 adhuc
1510 2853 1931 2910 contineantur.

829 3031 1047 3089 Omnia
1117 3050 1257 3089 vero
1331 3031 1479 3089 adeo
1553 3050 1802 3089 exsucca
1874 3040 1930 3089 et
2001 3031 2152 3089 leuia
2222 3040 2284 3089 vt
2355 3040 2544 3089 totum
2616 3031 2868 3089 cadauer
2937 3050 3056 3089 non

602 3152 714 3209 nisi
786 3160 1013 3226 septem
1084 3151 1261 3209 libras
1332 3170 1469 3209 cum
1540 3151 1786 3209 dimidia
1855 3151 2116 3226 pondere
2188 3160 2414 3226 aequet,
2489 3170 2625 3209 cum
2696 3160 2894 3209 tamen
2962 3151 3054 3209 vel

604 3271 795 3329 solum
854 3271 1112 3329 sceleton
1168 3290 1415 3329 excarne
1471 3272 1731 3329 feminae
1787 3271 2053 3329 eiusdem
2111 3280 2379 3340 staturae,
2438 3280 2495 3329 et
2550 3272 2657 3329 rite
2714 3272 3055 3346 ceteroquin

602 3391 878 3449 liccatum
904 3400 960 3449 at
982 3392 1299 3449 minimum
1323 3391 1503 3449 denas
1527 3391 1703 3449 libras
1728 3391 1960 3466 pendat.

829 3569 1021 3644 Caput
1105 3570 1366 3627 mumiae
1452 3569 1611 3644 quod
1695 3569 1790 3627 hic
1879 3569 2071 3627 solum
2156 3569 2522 3638 exhibemus,
2610 3569 2806 3627 faciali
2891 3578 3055 3644 parte

602 3689 771 3747 latius
836 3698 939 3758 est,
1005 3708 1124 3747 non
1186 3689 1426 3764 quidem
1488 3698 1550 3747 vt
1611 3690 1672 3746 in
1734 3689 2070 3764 mongolica
2131 3690 2409 3747 varietate
2472 3689 2759 3764 iugalibus
2823 3689 3053 3747 ossibus

602 3810 726 3867 fere
819 3810 881 3866 in
973 3809 1189 3867 eodem
1282 3809 1630 3867 horizontali
1723 3809 1899 3884 plano
1992 3810 2262 3884 vtrinque
2355 3809 2702 3878 extantibus,
2800 3818 3055 3867 attamen

601 3938 663 3987 vt
728 3930 790 3986 in
857 3948 929 3987 eo
996 3929 1219 4004 vulgari
1286 3938 1552 3987 veterum
1619 3930 2049 4004 Aegyptiorum
2115 3929 2278 3987 vultu
2345 3948 2523 4004 quem
2592 3929 2732 3987 alias
2802 3948 2834 3987 a
2900 3929 3053 3987 binis

604 4049 730 4107 aliis
755 4068 933 4124 quem
957 4050 1018 4106 in
1041 4050 1205 4107 istius
1230 4050 1418 4124 gentis
1442 4050 1840 4107 monumentis
1864 4049 2064 4107 videre
2088 4049 2225 4107 licet
2249 4049 2622 4107 distinximus
2641 4050 2726 4123 f),

2808 4246 3059 4302 quorum

716 4592 742 4623 c
743 4577 775 4634 ).
798 4576 1008 4623 Verbum
1028 4577 1167 4623 Guan
1186 4576 1344 4636 lingua
1362 4576 1494 4623 istius
1514 4576 1664 4636 gentis
1683 4576 1928 4623 hominem
1948 4576 2150 4623 denotat.
2171 4592 2214 4623 v.
2238 4578 2262 4623 J
2265 4586 2341 4623 OS.
2363 4587 2432 4622 DE
2451 4578 2619 4623 VIERA

829 4673 879 4732 (y
899 4672 939 4719 C
959 4672 974 4718 1
994 4687 1020 4719 a
1036 4672 1100 4719 vi
1113 4672 1130 4732 j
1154 4687 1183 4719 o
1205 4673 1221 4730 )
1241 4674 1447 4719 Noticias
1465 4672 1524 4719 de
1542 4672 1613 4719 las
1630 4672 1747 4719 Islas
1765 4672 1825 4719 de
1844 4673 2061 4719 Canaria.
2088 4674 2139 4719 T.
2163 4674 2194 4719 I.
2216 4687 2261 4732 p.
2289 4673 2394 4719 131.

714 4767 748 4814 ei
749 4768 780 4825 ).
804 4767 883 4814 Cf.
907 4769 1043 4814 EDM.
1066 4767 1246 4814 SCORV
1265 4767 1313 4813 in
1334 4767 1575 4814 Purchas's
1593 4769 1853 4827 Pigrimage
1870 4782 1915 4827 p.
1939 4768 2049 4814 787.

716 4864 760 4921 e)
782 4863 988 4910 Modum
1008 4878 1101 4923 quo
1121 4863 1388 4910 sacerdotes
1408 4863 1747 4910 Guanchorum
1764 4863 1930 4910 funera
1949 4863 2066 4910 haec
2085 4863 2324 4923 parabant,
2347 4871 2505 4910 curate
2524 4863 2603 4910 de-

828 4959 1034 5006 scribunt
1054 4960 1239 5006 ABREU
1258 4970 1328 5005 DE
1348 4959 1596 5006 GALINDO
1616 4959 1663 5005 in
1684 4959 1866 5006 GLAS'S
1886 4961 2074 5019 History
2093 4960 2152 5019 of
2166 4959 2240 5006 the
2260 4960 2450 5019 Canary
2467 4959 2650 5006 Islands

826 5070 871 5115 p.
899 5056 1004 5102 151.
1028 5063 1072 5102 et
1092 5057 1274 5102 VIERA.
1296 5055 1324 5102 l.
1348 5070 1387 5102 c.
1408 5070 1454 5115 p.
1482 5056 1587 5102 175.

709 5152 776 5211 f).
799 5153 850 5197 In
864 5151 1212 5211 philosophical
1233 5153 1557 5198 Transactions
1569 5152 1655 5211 for
1678 5152 1816 5198 1794.
1839 5153 1888 5198 P.
1911 5153 1943 5198 I.
1965 5166 2010 5211 p.
2039 5152 2144 5198 191.
2167 5151 2246 5198 Cf.
2269 5153 2325 5198 Et
2345 5153 2559 5198 PAULINI

827 5248 885 5294 A.
909 5247 955 5294 S.
977 5249 1427 5294 BARTHOLOMAEO
1447 5247 1782 5307 mumiograph.
1807 5249 1953 5294 musei
1971 5247 2168 5294 Obician
2204 5262 2250 5307 p.
2273 5248 2349 5294 25.

1206 510 1237 567 8
1865 511 2024 567 J.F.
2081 510 2892 567 BLVMENBACHII

1203 753 1454 809 quorum
1530 734 1769 809 quidem
1846 734 1988 792 alter
2061 735 2300 809 propius
2378 734 2451 792 ad
2525 734 2946 809 Aethiopicum
3023 734 3165 792 alter
3241 734 3314 792 ad
3388 734 3655 792 Indicum

1204 854 1447 912 accedit.
1552 856 1768 912 Vertex
1868 854 2216 929 depressior;
2319 855 2556 929 occiput
2657 854 3017 923 tuberosum;
3118 855 3279 912 frons
3382 855 3656 929 spatiosa;

1202 974 1417 1032 limbus
1518 974 1741 1032 orbitae
1841 974 2229 1049 superciliaris
2330 974 2403 1032 ad
2502 993 2846 1049 processum
2946 974 3253 1032 orbitalem
3353 983 3657 1032 externum

1204 1113 1246 1152 s.
1322 1094 1607 1152 malarem
1679 1094 1849 1152 valde
1921 1094 2324 1169 protuberans;
2397 1095 2641 1152 inferior
2712 1095 2885 1152 faciei
2959 1113 3092 1169 pars
3168 1113 3200 1152 a
3272 1094 3508 1152 naribus
3584 1094 3657 1152 ad

1202 1223 1468 1272 mentum
1534 1214 1785 1283 breuior;
1851 1214 2128 1272 maxillae
2193 1215 2486 1272 inferioris
2553 1223 2860 1272 curuatura
2925 1215 3113 1289 magis
3181 1223 3412 1272 arcuata
3478 1233 3656 1289 quam

1203 1334 1477 1409 elliptica,
1565 1343 1949 1409 mentumque
2035 1334 2431 1403 rotundatum;
2519 1353 2772 1392 coronae
2857 1353 2996 1392 vero
3084 1334 3348 1392 dentium
3434 1335 3652 1409 primo-

1202 1473 1333 1512 rum
1425 1455 1772 1512 inferiorum
1867 1455 2030 1526 (nam
2123 1455 2449 1529 superiores
2542 1454 2771 1529 pridem
2864 1454 3222 1526 ceciderant)
3316 1455 3656 1529 neutiquam

1204 1574 1639 1649 scalpriformes
1713 1574 1786 1632 ad
1859 1574 2327 1632 demordendum
2401 1583 2588 1649 aptae,
2661 1593 2868 1632 verum
2941 1574 3204 1643 obtusae,
3279 1575 3403 1632 fere
3476 1574 3654 1649 cylin-

1203 1694 1417 1763 dricae,
1490 1695 1708 1752 extima
1778 1694 2085 1769 superficie
2154 1694 2327 1769 plana
2397 1694 2621 1763 detrita,
2692 1694 2873 1752 verbo
2945 1694 3086 1752 tales
3157 1694 3356 1769 quales
3427 1694 3656 1769 pridem

1204 1814 1275 1872 ab
1344 1814 1470 1872 aliis
1539 1823 1597 1872 et
1664 1833 1696 1872 a
1763 1833 1861 1872 me
1928 1815 2059 1889 ipso
2130 1815 2195 1886 (—
2261 1816 2408 1872 Dec.
2479 1816 2520 1872 I.
2591 1814 2687 1872 Ad
2755 1814 2869 1872 tab.
2948 1815 2995 1872 1.
3067 1823 3124 1872 et
3191 1816 3337 1872 Deo.
3409 1816 3508 1872 IV.
3581 1814 3654 1872 ad

1203 1934 1317 1992 tab.
1395 1935 1490 1992 31.
1565 1935 1631 2006 —)
1705 1935 1766 1991 in
1837 1935 2011 1992 variis
2083 1935 2324 1992 mumiis
2399 1935 2755 2009 aegyptiacis
2831 1943 3138 1992 annotatae
3213 1943 3358 1992 sunt.
3435 1936 3657 1992 Verum

1202 2054 1292 2112 his
1378 2055 1863 2112 conformationis
1949 2054 2254 2129 singularis
2338 2054 2769 2112 characteribus
2856 2054 2966 2112 alia
3050 2073 3285 2129 quoque
3370 2054 3658 2112 accedunt

1202 2183 1503 2232 momenta
1583 2174 1793 2249 quibus
1872 2175 2050 2249 prisci
2129 2174 2450 2232 insularum
2528 2175 2958 2232 fortunatorum
3037 2174 3267 2232 incolae
3347 2175 3454 2232 etsi
3534 2183 3656 2232 tota

1202 2295 1326 2352 fere
1391 2295 1634 2352 Africae
1699 2294 1951 2352 borealis
2017 2294 2322 2352 latitudine
2389 2313 2421 2352 a
2485 2294 2778 2352 veteribus
2844 2295 3152 2369 Aegyptiis
3219 2294 3393 2352 diuisi
3459 2303 3657 2352 tamen

1203 2433 1340 2472 cum
1423 2415 1566 2489 ipsis
1652 2415 2025 2483 conueniunt,
2113 2433 2230 2489 quo
2314 2415 2659 2489 praesertim
2744 2423 2869 2472 tum
2955 2414 3260 2489 singularis
3345 2414 3654 2472 defunctos

1203 2534 1518 2592 condiendi
1603 2535 1744 2592 ritus
1829 2535 2096 2609 pertinet,
2184 2534 2389 2592 itidem
2475 2534 2875 2592 sacerdotibus
2961 2534 3406 2609 pollinctoribus
3492 2553 3654 2592 com-

1202 2655 1435 2723 missus,
1498 2663 1560 2712 vt
1621 2663 1678 2712 et
1738 2654 1928 2712 lineae
1991 2654 2367 2712 coralliorum
2429 2654 2639 2729 quibus
2701 2655 2962 2712 mumiae
3026 2654 3405 2712 Guanchicae
3469 2673 3654 2729 aeque

1204 2793 1270 2832 ac
1341 2775 1682 2849 aegypticae
1750 2775 1971 2849 passim
2040 2783 2277 2832 ornatae
2346 2775 2729 2849 reperiuntur;
2799 2783 2924 2832 tum
2991 2793 3131 2832 vero
3200 2783 3257 2832 et
3323 2774 3656 2849 linguarum

1203 2895 1600 2969 congruentia,
1687 2894 1976 2969 siquidem
2061 2894 2150 2952 Cl.
2238 2896 2573 2952 MARSDEN
2656 2913 2728 2952 ex
2809 2894 3186 2952 vocabulario
3269 2894 3658 2952 Tuarikorum

1202 3015 1475 3089 Aegypto
1576 3015 1925 3083 vicinorum,
2030 3014 2189 3089 quod
2290 3014 2818 3072 desideratissimus
2921 3016 3363 3072 HORNEMANN
3463 3023 3661 3072 noster

1204 3134 1357 3209 apud
1417 3153 1520 3192 eos
1580 3134 1910 3209 collegerat,
1974 3134 2316 3192 affinitatem
2375 3134 2609 3209 linguae
2668 3153 2876 3192 eorum
2935 3153 3071 3192 cum
3131 3153 3200 3192 ea
3257 3134 3655 3192 Numidarum

1204 3273 1307 3312 seu
1353 3254 1748 3312 Berberorum
1796 3254 2217 3312 demonstrauit
2263 3274 2301 3328 g
2303 3255 2345 3326 ),
2397 3273 2575 3329 quam
2623 3255 2816 3329 ipsam
2864 3255 3077 3312 iterum
3126 3273 3263 3312 cum
3314 3254 3656 3312 Guanchica

1204 3374 1650 3432 Canariensium
1741 3374 2061 3432 insularum
2152 3375 2469 3432 conuenire
2559 3383 2766 3432 notum
2858 3383 2960 3432 est.
3055 3376 3143 3431 Ex
3234 3393 3351 3449 quo
3443 3374 3657 3449 triplici

1203 3495 1589 3552 consensione
1711 3494 1903 3552 vultus
2027 3495 2268 3569 inquam
2391 3494 2678 3569 gentilitii,
2803 3494 3135 3569 linguarum
3259 3503 3316 3552 et
3438 3495 3655 3552 rituum

1202 3614 1606 3689 peculiarium,
1676 3633 2058 3672 communem
2126 3623 2251 3672 tum
2320 3614 2552 3672 alterius
2619 3615 3049 3689 Aegyptiorum
3117 3615 3461 3683 stemmatis,
3531 3623 3656 3672 tum

1204 3734 1626 3792 Guanchorum
1723 3753 1755 3792 a
1850 3734 2085 3809 Libycis
2182 3753 2225 3792 s.
2323 3734 2659 3792 Numidicis
2758 3734 3155 3809 aboriginibus
3251 3743 3463 3803 ortum,
3563 3743 3658 3792 aut

1204 3854 1410 3912 saltem
1435 3855 1849 3929 cognationem
1873 3873 2099 3923 eorum,
2125 3854 2505 3929 probabiliter
2528 3855 2859 3912 coniectare
2883 3854 3097 3912 licebit.

1311 4028 1361 4087 g)
1398 4043 1441 4074 v.
1465 4028 1857 4074 HORNEMANN'S
1883 4027 2123 4087 Tagebuch
2141 4029 2293 4074 seiner
2309 4029 2441 4074 Reise
2461 4043 2550 4074 von
2572 4028 2712 4074 Cairo
2730 4027 2853 4074 nach
2871 4027 3070 4078 Murzuk
3088 4042 3134 4087 p.
3157 4028 3267 4074 235.

681 495 862 552 DEC.
891 495 1203 567 QVINTA
1220 495 1450 552 COLL.
1481 495 1681 552 SVAE
1707 495 1950 552 CRAN.
1978 496 2134 552 DIV.
2159 495 2390 552 GENT.
2415 495 2763 552 ILLVSTR.
3023 495 3057 552 9

1272 721 1832 790 VARIETATIS
1864 721 2388 790 SECVNDAE

1119 847 2005 928 SPECIMINA
2104 848 2537 927 BINA.

1456 1091 1730 1159 XLIII.
1763 1091 2204 1160 LAPPONIS.

1562 1254 1626 1323 (—
1647 1253 1783 1310 Tab.
1810 1255 2011 1310 XLIII.
2037 1254 2100 1323 —)

904 1430 1060 1488 Cum
1112 1430 1301 1488 Perill.
1357 1432 1725 1488 THUNBERG
1777 1449 1809 1488 a
1860 1430 2129 1505 populari
2181 1430 2441 1505 quodam
2494 1430 2670 1488 docto
2724 1430 3060 1505 aliquandiu

602 1550 913 1608 nobiscum
1008 1550 1360 1625 Goettingae
1451 1559 1681 1608 versato
1776 1559 2082 1625 acceperat
2174 1550 2275 1608 diu
2366 1551 2486 1608 iam
2580 1550 2684 1608 sed
2776 1550 3055 1608 hactenus

602 1671 899 1728 incassum
991 1689 1089 1728 me
1181 1670 1512 1728 desiderare
1604 1671 1903 1745 Lapponis
1997 1671 2280 1739 cranium,
2375 1689 2480 1745 pro
2575 1670 2851 1745 singulari
2944 1689 3057 1745 qua

603 1790 832 1848 excellit
912 1799 1038 1848 tum
1119 1790 1479 1848 humanitate
1561 1799 1686 1848 tum
1768 1790 2043 1848 naturalis
2125 1790 2402 1848 historiae
2484 1790 2733 1848 cultores
2815 1790 3056 1848 iuuandi

604 1910 826 1979 ardore,
887 1929 1006 1968 non
1064 1910 1282 1968 destitit
1339 1910 1528 1968 donec
1589 1929 1703 1985 ope
1764 1911 1940 1968 amici
1999 1911 2098 1985 qui
2156 1911 2306 1968 inter
2362 1912 2674 1985 Lappones
2735 1910 3054 1968 sacerdotis

602 2049 845 2088 munere
930 2031 1207 2105 fungitur,
1295 2030 1492 2105 bigam
1578 2031 1743 2088 istius
1829 2031 2016 2105 gentis
2103 2031 2455 2099 craniorum,
2546 2030 2791 2088 alterum
2877 2031 3055 2088 maris

604 2150 850 2208 alterum
973 2151 1233 2208 feminae
1359 2151 1697 2225 acquireret,
1824 2150 2089 2225 mihique
2213 2150 2502 2208 beneuole
2627 2151 3054 2208 transmitteret.

602 2272 932 2345 Vtrumque
999 2289 1071 2328 ex
1140 2270 1420 2345 sepulcris
1489 2270 1694 2345 templi
1762 2270 1940 2328 hodie
2008 2270 2269 2328 derelicti
2338 2279 2569 2328 erutum
2637 2279 2740 2339 est,
2810 2271 2871 2327 in
2938 2289 3055 2345 quo

604 2399 736 2448 ante
795 2391 872 2447 24
932 2399 990 2448 et
1047 2390 1207 2465 quod
1265 2391 1514 2448 excurrit
1573 2409 1755 2448 annos
1814 2390 2007 2465 plures
2065 2392 2377 2465 Lappones
2436 2390 2710 2465 baptisati
2768 2390 3056 2448 inhumati

603 2519 781 2579 erant,
844 2529 1095 2585 quorum
1156 2510 1370 2568 sceleta
1428 2511 1548 2568 iam
1609 2510 1781 2568 simul
1841 2529 1978 2568 cum
2035 2511 2399 2568 vestimentis
2461 2511 2576 2568 suis
2637 2529 2709 2568 ex
2767 2529 3053 2568 renonum

602 2630 852 2705 pellibus
926 2631 1232 2699 confectis,
1307 2630 1615 2688 restabant.
1693 2630 1963 2702 Quoduis
2037 2649 2244 2688 eorum
2315 2639 2377 2688 vt
2450 2630 2613 2688 alteri
2688 2630 3057 2688 simillimum

602 2751 680 2808 ita
744 2759 801 2808 et
865 2750 938 2808 ad
1003 2751 1287 2808 amussim
1350 2759 1471 2808 tam
1535 2769 1672 2808 cum
1736 2750 2027 2825 graphicis
2093 2750 2474 2808 classicorum
2538 2750 2612 2808 de
2676 2750 3056 2825 Lapponibus

604 2879 908 2928 auctorum
983 2870 1475 2945 descriptionibus
1552 2870 1615 2942 h)
1694 2871 1987 2939 conuenit,
2065 2889 2243 2945 quam
2319 2889 2456 2928 cum
2530 2870 2832 2928 fidissimis
2908 2889 3058 2945 quae

602 2991 824 3065 passim
917 2999 1112 3048 extant
1204 3009 1411 3048 eorum
1503 2990 1772 3048 iconibus
1867 2993 1900 3047 ]
1894 2991 1932 3062 ),
2032 2999 2094 3048 vt
2185 2999 2243 3048 et
2334 3009 2471 3048 cum
2563 2990 2726 3048 vultu
2816 2991 3056 3065 virginis

602 3111 979 3185 Lapponicae
1057 3129 1235 3185 quam
1314 3119 1447 3168 ante
1525 3110 1879 3168 decennium
1957 3111 2019 3167 in
2096 3111 2378 3168 comitatu
2455 3110 2669 3168 nobilis
2748 3110 3055 3168 cuiusdam

603 3231 979 3288 Diuionensis
1043 3249 1115 3288 ex
1176 3230 1400 3288 boreali
1462 3231 1571 3288 ista
1633 3231 1871 3305 regione
1933 3230 2165 3288 reducis
2229 3239 2286 3288 et
2346 3249 2444 3288 me
2506 3231 2791 3288 visitantis
2853 3230 3054 3288 videre

602 3350 750 3407 mihi
775 3359 1045 3425 exoptata
1069 3351 1312 3425 contigit
1335 3351 1589 3408 occasio.

905 3528 1281 3587 Characteres
1329 3531 1606 3602 primarii.
1675 3528 1959 3586 Cranium
2014 3529 2393 3603 proportione
2451 3537 2700 3586 staturae
2756 3547 3054 3603 magnum.

603 3648 850 3706 Habitus
954 3649 1015 3705 in
1117 3657 1308 3706 totum
1411 3648 1597 3723 qualis
1701 3648 2073 3723 mongolicae
2175 3649 2438 3706 varietati
2543 3648 2845 3706 sollemnis
2950 3657 3052 3706 est.

604 3768 875 3826 Caluaria
957 3769 1081 3826 fere
1165 3768 1426 3843 globosa.
1515 3768 1668 3826 Ossa
1751 3768 1961 3843 iugalia
2045 3777 2370 3826 extrorsum
2454 3769 2788 3826 eminentia.
2875 3770 3056 3826 Fossa

602 3888 838 3946 malaris
862 3888 1051 3963 plana.
1079 3890 1260 3946 Frons
1285 3888 1416 3946 lata.
1444 3890 1719 3946 Mentum
1743 3888 2143 3963 prominulum
2169 3889 2585 3946 acuminatum.

901 4066 1032 4124 Alia
1111 4066 1434 4124 obseruata.
1520 4066 1703 4124 Palati
1779 4067 1975 4124 fornix
2052 4066 2475 4141 complanatus.
2556 4067 2824 4124 Fissurae
2902 4066 3054 4124 orbi-

603 4187 782 4244 tariae
855 4187 1161 4244 inferiores
1235 4187 1517 4261 ingentes.
1594 4188 1811 4244 Fossae
1885 4186 2172 4261 iugulares
2246 4186 2392 4244 vltra
2465 4186 2714 4244 modum
2788 4186 3055 4244 diuersae

602 4306 1042 4381 magnitudinis;
1067 4306 1267 4364 dextra
1292 4306 1673 4381 amplissima.

752 4479 818 4537 h).
841 4481 1027 4526 Praeter
1046 4479 1318 4526 notissimos
1339 4479 1398 4526 de
1417 4479 1720 4539 Lapponibus
1741 4487 1966 4534 auctores,
1990 4479 2356 4534 SCHEFFERUM,
2379 4481 2656 4534 REGNARD,

865 4575 1169 4622 HöGSTRöM
1189 4575 1244 4622 al.
1267 4575 1538 4622 nominasse
1557 4575 1694 4622 liceat
1714 4575 1994 4635 opusculum
2013 4575 2070 4622 ab
2090 4575 2196 4635 ipso
2216 4577 2442 4635 Lappone
2462 4575 2642 4622 editum
2662 4590 2696 4622 s.
2718 4583 2748 4622 t.

864 4671 1001 4722 kurze
1018 4671 1394 4731 Lapplandische
1410 4671 1760 4731 Beschreibung,
1789 4687 1878 4718 von
1900 4673 2011 4718 NIC.
2034 4671 2195 4726 OHRS,
2214 4671 2498 4731 gebohrnem
2519 4673 2557 4717 L
2576 4686 2602 4718 a
2619 4686 2650 4731 p
2668 4686 2699 4731 p
2721 4700 2737 4704 -

864 4767 879 4813 1
899 4771 925 4814 'a
944 4782 974 4813 n
994 4767 1025 4814 d
1043 4782 1070 4814 e
1086 4782 1108 4813 r
1161 4767 1259 4814 und
1275 4767 1361 4814 der
1371 4768 1538 4827 freyen
1556 4769 1730 4814 Ku'nste
1747 4767 2011 4827 Beflissnen.
2038 4769 2250 4814 Hannov.
2278 4767 2417 4814 1704.
2442 4768 2483 4814 8.
2506 4769 2582 4814 De
2601 4775 2789 4814 auctore

865 4862 943 4922 qui
962 4877 1186 4922 magnam
1205 4864 1421 4922 Europae
1439 4870 1623 4922 partem
1640 4870 1966 4922 peragrauerat
1986 4870 2030 4909 et
2050 4862 2259 4922 Regibus
2279 4862 2452 4909 Carolo
2471 4864 2551 4909 XI.
2575 4862 2787 4917 Sueciae,

865 4958 1107 5005 Ludovico
1127 4960 1253 5005 XIV.
1277 4958 1473 5013 Galliae,
1496 4958 1704 5018 Georgio
1725 4960 1757 5005 I.
1778 4973 1979 5018 magnae
1997 4958 2266 5005 Britanniae
2286 4966 2330 5005 et
2350 4958 2624 5018 Imperatori
2646 4960 2764 5005 Rus-

865 5069 1027 5101 sorum
1046 5056 1182 5101 Petro
1201 5054 1477 5109 innotuerat,
1500 5054 1653 5114 deque
1673 5054 1948 5101 admiranda
1966 5054 2190 5101 facilitate
2210 5069 2300 5114 qua
2319 5054 2500 5114 linguas
2521 5054 2726 5101 exoticas

865 5150 1041 5205 didicit,
1064 5150 1115 5197 cf
1121 5190 1128 5197 .
1149 5152 1362 5197 WEBERI
1383 5150 1676 5197 verändertes
1693 5150 1929 5197 Russland
1947 5158 1992 5197 et
2011 5150 2275 5197 SCHOBERI
2294 5150 2618 5197 memorabilia

863 5248 1055 5293 Russico
1073 5247 1279 5293 Asiatica
1298 5246 1345 5292 in
1366 5248 1610 5293 MULLERI
1628 5246 1899 5306 Sammlung
1916 5246 2186 5293 Russischer
2204 5246 2475 5293 Geschichte
2494 5248 2545 5293 T.
2568 5248 2669 5293 VII.
2691 5261 2736 5306 p.
2764 5246 2869 5293 100.

752 5342 804 5400 i).
825 5358 868 5389 v.
891 5357 931 5389 c.
953 5342 1001 5388 in
1022 5344 1230 5389 MATTH.
1253 5342 1537 5389 CONSETT'S
1563 5344 1683 5389 Tour
1699 5342 1894 5402 through
1912 5342 2115 5389 Sweden.
2142 5342 2289 5389 Lond.
2319 5343 2457 5389 1789.
2479 5343 2524 5389 4.

1211 510 1279 567 10
1907 511 2066 567 J.F.
2123 510 2934 567 BLVMENBACHII

2082 895 2348 965 XLIV.
2382 893 2779 964 SINENSIS.

1973 1065 2067 1150 (—
2128 1065 2344 1133 Tab.
2411 1066 2729 1133 XLIV.
2795 1064 2889 1149 —)

1504 1261 1593 1319 Cl.
1659 1263 1901 1319 JASSOV
1961 1263 2048 1319 M.
2114 1263 2187 1319 D.
2252 1262 2530 1319 Batauiae
2591 1262 2653 1318 in
2713 1261 2877 1319 India
2938 1261 3205 1319 orientali
3266 1261 3538 1336 physicus
3601 1270 3659 1319 et

1202 1382 1537 1439 nosocomii
1601 1381 1868 1439 medicus
1933 1382 2262 1456 primarius,
2330 1381 2629 1456 quondam
2695 1381 2923 1439 auditor
2985 1400 3152 1439 meus
3218 1381 3652 1450 dilectissimus,

1203 1502 1636 1576 opportunitate
1714 1520 1849 1559 vsus
1930 1520 2108 1576 quam
2187 1502 2384 1576 grauia
2464 1520 2566 1559 sua
2644 1520 2887 1559 munera
2965 1502 3079 1576 ipsi
3158 1501 3454 1576 praebent,
3537 1502 3656 1559 mei

1202 1640 1434 1679 memor
1550 1622 1811 1679 maxime
1930 1621 2338 1679 memorabilia
2457 1621 2823 1679 diuersarum
2941 1622 3203 1696 gentium
3322 1621 3656 1679 Indicarum

1203 1742 1398 1799 crania
1466 1760 1585 1799 non
1653 1741 1846 1799 solum
1915 1741 2150 1816 collegit
2219 1741 2323 1799 sed
2391 1750 2449 1799 et
2515 1741 2698 1799 nitide
2765 1742 3007 1816 parauit,
3077 1741 3342 1816 mihique
3410 1742 3656 1799 iunctim

1203 1880 1340 1919 cum
1431 1870 1627 1919 curata
1716 1862 1921 1919 notitia
2012 1880 2162 1936 quae
2254 1861 2326 1919 ad
2416 1861 2721 1919 historiam
2812 1862 3067 1919 cuiusuis
3160 1862 3377 1930 attinet,
3471 1880 3657 1936 eaque

1203 1990 1328 2039 tum
1402 2000 1474 2039 ex
1547 1981 1744 2039 diariis
1817 1982 2170 2050 nosocomii,
2247 1990 2372 2039 tum
2446 1982 2493 2039 si
2566 1981 2877 2039 hominum
2949 1982 3180 2039 fuerant
3252 1981 3423 2056 legali
3497 1981 3657 2056 quod

1201 2110 1415 2159 vocant
1498 2102 1757 2159 sectione
1841 2101 2234 2159 obductorum
2317 2120 2389 2159 ex
2473 2102 2615 2159 actis
2698 2101 3069 2159 iudicialibus
3154 2110 3425 2176 excerpta
3507 2101 3656 2158 mihi

1203 2222 1534 2279 transmisit.

1502 2401 1604 2457 Est
1650 2408 1708 2457 et
1753 2400 1903 2457 inter
1949 2418 2017 2457 ea
2065 2399 2224 2474 quod
2270 2399 2365 2457 hic
2415 2399 2723 2457 exhibetur
2769 2408 2943 2474 caput
2991 2399 3249 2457 Sinensis
3298 2400 3392 2457 cui
3439 2418 3658 2457 nomen

1202 2520 1392 2577 fuerat
1459 2521 1583 2577 Tan
1652 2519 1849 2594 sayko,
1922 2520 2020 2594 qui
2091 2538 2140 2577 a.
2220 2520 2393 2577 1803.
2467 2520 2669 2577 aetatis
2741 2538 2892 2577 anno
2963 2520 3262 2594 trigesimo
3333 2528 3429 2577 aut
3497 2519 3657 2594 quod

1203 2640 1451 2697 excurrit
1473 2640 1535 2696 in
1557 2640 1909 2697 nosocomio
1934 2640 2212 2697 Batauiae
2236 2639 2434 2697 lethali
2460 2640 2665 2714 capitis
2689 2639 2928 2697 vulnere
2953 2639 3152 2697 obiera
3179 2639 3257 2711 k).

1502 2819 1568 2874 In
1604 2818 1943 2875 vniuersum
1983 2817 2222 2892 quidem
2261 2817 2463 2875 habitu
2502 2836 2607 2875 suo
2647 2818 2885 2892 propius
2927 2836 2959 2875 a
2997 2817 3342 2892 Mongolica
3379 2818 3656 2875 varietate

1203 2956 1380 3012 quam
1443 2937 1514 2995 ab
1574 2937 1689 2995 vlla
1750 2946 2077 2995 ceterarum
2139 2937 2318 3006 abest,
2381 2937 2537 2995 haud
2596 2956 2806 3012 parum
2867 2946 3064 2995 tamen
3125 2956 3157 2995 a
3216 2938 3455 3012 gemino
3518 2937 3651 2995 Cal-

1202 3076 1550 3115 muccorum
1601 3057 1764 3115 vultu
1815 3057 2012 3115 differt
2063 3076 2241 3132 quem
2293 3058 2457 3132 quasi
2509 3076 2614 3132 pro
2666 3057 2916 3115 normali
2969 3066 3109 3132 typo
3161 3058 3325 3115 istius
3379 3066 3654 3115 stemma-

1203 3178 1275 3235 tis
1362 3177 1579 3235 habere
1666 3177 1803 3235 licet
1893 3177 1912 3235 l
1912 3178 1954 3249 ).
2046 3179 2250 3252 Longe
2336 3178 2526 3235 maior
2613 3178 2791 3235 etiam
2878 3178 3029 3235 inter
3116 3177 3390 3235 Sinenses
3480 3196 3657 3252 quam

1204 3297 1357 3372 apud
1419 3297 1775 3355 Calmuccos
1835 3297 2028 3355 vultus
2087 3298 2353 3366 varietas,
2417 3297 2576 3372 quod
2636 3297 2785 3354 mihi
2845 3298 2958 3372 ipsi
3020 3297 3335 3355 obseruare
3396 3298 3654 3372 contigit,

1203 3436 1340 3475 cum
1363 3417 1801 3475 Amstelodami
1825 3418 1885 3474 in
1908 3417 2146 3492 publico
2171 3417 2497 3475 diuersorio
2525 3417 2711 3492 (Belg.
2741 3417 2839 3475 het
2860 3417 3157 3489 Gasthuis)

1352 3766 1403 3824 k)
1424 3766 1613 3813 Adiecit
1633 3781 1821 3826 quoque
1841 3766 1897 3813 cl.
1919 3768 1943 3813 J
1945 3776 2112 3813 ASSOV
2131 3766 2220 3826 ipsi
2242 3766 2401 3813 cranio
2421 3766 2655 3826 integrum
2673 3766 2853 3813 nodum
2872 3766 3150 3826 capillorum
3170 3766 3306 3813 cada-

1426 3862 1561 3917 veris,
1585 3862 1662 3922 qui
1683 3862 1721 3909 si
1743 3877 1852 3909 cum
1872 3862 1973 3909 aliis
1993 3870 2336 3922 comparentur,
2360 3862 2520 3922 quales
2539 3877 2597 3909 ex
2614 3862 2825 3909 maxime
2842 3862 3231 3909 memorabilibus

1426 3972 1509 4017 per
1529 3957 1695 4004 orbem
1713 3965 2011 4017 terraqueum
2030 3957 2245 4017 gentibus
2263 3957 2382 4003 mihi
2403 3957 2688 4017 comparaui,
2711 3965 2893 4017 praeter
2912 3957 3205 4017 nigredinem

1426 4053 1705 4100 rectitudine
1724 4061 1769 4100 et
1786 4053 1955 4100 maiori
1976 4053 2184 4100 crassitie
2203 4053 2406 4113 insignes
2427 4061 2543 4100 sunt.
2567 4053 2616 4100 cf
2622 4093 2629 4100 .
2652 4053 2916 4100 Staunton's
2937 4063 3138 4100 account

1428 4150 1487 4209 of
1500 4165 1563 4196 an
1581 4149 1808 4209 Embassy
1827 4159 1871 4196 to
1891 4149 1965 4196 the
1981 4151 2206 4209 Emperor
2224 4150 2283 4209 of
2298 4149 2338 4196 C
2358 4149 2389 4195 h
2408 4149 2423 4195 i
2442 4164 2472 4195 n
2492 4164 2518 4196 a
2571 4151 2622 4196 T.
2646 4151 2699 4196 II.
2721 4164 2766 4209 p.
2790 4150 2884 4196 367
2906 4149 3086 4204 *,,Their
3102 4149 3210 4196 hair
3225 4165 3279 4196 so

1428 4245 1548 4292 thick
1566 4245 1666 4292 and
1681 4255 1844 4305 strong,
1871 4245 1976 4300 that,
2002 4245 2369 4305 comparatively,
2395 4245 2499 4305 they
2517 4245 2636 4292 liken
2656 4245 2730 4292 the
2749 4245 2856 4292 hair
2873 4246 2932 4305 of
2944 4247 3216 4305 Europeans

2456 4342 2492 4358 777

1428 4351 1473 4388 to
1492 4341 1566 4388 the
1577 4341 1673 4401 pile
1692 4357 1748 4388 or
1758 4342 1846 4401 fur
1863 4342 1922 4401 of
1936 4341 2010 4388 the
2027 4341 2218 4388 smaller
2233 4341 2450 4388 animals.

1352 4532 1402 4590 1).
1425 4532 1547 4579 Hinc
1568 4540 1614 4579 et
1633 4532 1761 4592 quod
1779 4532 1876 4579 iam
1895 4532 2007 4579 alias
2026 4532 2203 4587 monui,
2226 4532 2274 4578 in
2294 4532 2456 4592 quauis
2477 4532 2724 4592 quinarum
2741 4532 3019 4579 varietatum
3037 4532 3208 4592 princi-

1426 4628 1605 4688 palium
1624 4628 1807 4688 generis
1826 4628 2033 4683 humani,
2055 4643 2198 4675 vnam
2218 4628 2473 4675 alteramue
2493 4628 2592 4675 eius
2611 4636 2801 4688 gentem
2820 4628 2971 4675 adhuc
2993 4643 3019 4675 a
3037 4628 3226 4688 reliquis

1428 4724 1713 4784 distinguere
1732 4732 1778 4771 et
1797 4724 2154 4784 quodammodo
2174 4724 2471 4771 subdiuidere
2490 4724 2614 4779 licet;
2634 4732 2683 4771 vt
2702 4739 2728 4771 a
2748 4724 2990 4779 Caucasia,
3013 4724 3264 4771 Hindosta-

1427 4822 1597 4875 nicam;
1619 4835 1645 4867 a
1664 4820 1952 4880 Mongolica,
1974 4821 2226 4875 Sinensem;
2247 4820 2304 4867 ab
2324 4820 2618 4880 Aethiopica,
2641 4822 3027 4875 Hottentotticam;
3048 4820 3105 4867 ab

1427 4916 1711 4963 Americana
1730 4916 1922 4971 boreali,
1945 4916 2211 4971 australem;
2232 4916 2434 4976 denique
2453 4931 2479 4963 a
2497 4916 2636 4963 fusco
2656 4916 2890 4963 Malaicae
2908 4916 3142 4963 varietatis
3163 4924 3303 4963 stem-

1426 5020 1566 5067 mate,
1588 5012 1820 5072 nigricans
1839 5014 2082 5072 Papuense
2100 5020 2188 5059 etc.

643 495 823 552 DEC.
853 495 1165 567 QVINTA
1182 495 1411 552 COLL.
1443 495 1643 552 SVAE
1668 495 1912 552 CRAN.
1940 496 2096 552 DIV.
2121 495 2352 552 GENT.
2377 495 2725 552 ILLVSTR.
2992 495 3054 551 11

604 892 675 948 21
778 891 1052 949 Sinenses
1147 900 1349 949 nautas
1445 892 1697 949 curatius
1793 891 2194 966 contemplare
2289 891 2422 949 data
2515 892 2691 949 fuerit
2785 900 3055 966 exoptata

603 1012 839 1069 occasio
864 1031 921 1069 m
925 1012 962 1083 ).

904 1190 1161 1248 Osseum
1208 1190 1282 1248 de
1330 1209 1447 1265 quo
1494 1190 1589 1248 hic
1640 1191 1826 1265 agitur
1872 1199 2046 1265 caput
2091 1199 2320 1265 praeter
2366 1190 2477 1248 alia
2524 1190 2700 1248 dorso
2747 1191 2873 1248 nasi
2920 1209 3051 1265 pro-

602 1310 840 1368 fundius
906 1329 1170 1368 concauo
1235 1311 1580 1385 praesertim
1646 1319 1841 1368 autem
1909 1310 2184 1385 singulari
2249 1311 2373 1368 fere
2440 1310 2792 1385 subglobosa
2857 1319 3052 1368 rotun-

603 1430 781 1488 ditate
866 1431 1045 1505 partis
1132 1430 1441 1488 alueolaris
1526 1430 1801 1488 maxillae
1888 1431 2201 1505 superioris
2286 1430 2544 1488 notabile
2629 1439 2733 1499 est,
2821 1431 2915 1488 cui
3002 1439 3058 1488 et

604 1559 835 1608 arcuata
947 1559 1254 1608 curuatura
1366 1550 1630 1608 dentium
1744 1551 2100 1608 anteriorum
2214 1551 2598 1625 superiorum,
2712 1551 3057 1625 praesertim

603 1670 798 1745 quoad
889 1670 1115 1728 radices
1208 1689 1434 1739 eorum,
1528 1670 1857 1745 respondet.
1955 1670 2249 1728 Conuenit
2340 1689 2477 1728 cum
2568 1670 2677 1728 hac
2772 1679 3055 1728 structura

603 1790 762 1865 quod
841 1792 1171 1848 DUHALDE
1249 1790 1323 1848 de
1400 1790 1681 1865 peculiari
1761 1790 2025 1848 dentium
2104 1791 2470 1865 superiorum
2550 1790 2704 1865 apud
2783 1790 3057 1848 Sinenses

603 1910 925 1968 directione
1010 1919 1300 1968 memorat
1385 1930 1423 1968 n
1426 1911 1469 1982 ),
1558 1911 1652 1968 cui
1739 1910 1978 1985 quidem
2066 1910 2333 1968 OSBECK
2418 1910 2616 1968 tribuit
2701 1910 2861 1985 quod
2945 1911 3058 1985 ipsi

603 2030 895 2105 quaedam
993 2030 1171 2088 verba
1272 2030 1547 2105 singulari
1647 2039 1705 2088 et
1804 2030 1930 2088 aliis
2030 2030 2299 2105 gentibus
2399 2030 2734 2088 inimitabili
2833 2031 3057 2088 ratione

602 2151 987 2225 pronuncient
1011 2170 1048 2208 o
1049 2151 1092 2222 ).

904 2328 1263 2403 Ceteroquin
1332 2329 1633 2403 egregium
1701 2328 1889 2386 hocce
1958 2329 2223 2386 cranium
2292 2329 2723 2403 perfectissime
2792 2329 3059 2403 congruit

603 2467 740 2506 cum
804 2449 1302 2523 praestantissima
1366 2449 1538 2506 icone
1602 2457 1812 2506 nautae
1878 2448 2137 2506 Sinensis
2203 2449 2301 2523 qui
2368 2448 2728 2523 aliquamdiu
2793 2449 3056 2506 Havniae

603 2568 820 2643 degens
904 2587 936 2626 a
1018 2587 1253 2626 summo
1335 2569 1661 2643 imaginum
1743 2569 1966 2643 pictore
2050 2570 2080 2626 J
2083 2579 2202 2626 ENS
2284 2570 2444 2626 JUEL
2528 2569 2664 2626 artis
2746 2568 3059 2643 graphicae

602 2689 936 2763 professore
1023 2689 1231 2763 Regio,
1321 2689 1546 2763 pictura
1634 2688 1850 2746 olearia
1937 2688 2198 2746 mascule
2286 2688 2613 2746 exhibitum
2702 2697 2805 2757 est,
2897 2688 3056 2763 quod

602 2809 721 2866 iam
813 2808 902 2866 Cl.
999 2808 1270 2877 SCHEEL,
1363 2808 1583 2866 medici
1674 2808 1829 2883 apud
1919 2809 2282 2866 Havnienses
2374 2808 2742 2866 celeberrimi
2832 2809 3052 2877 fauore,

602 2947 875 2986 museum
899 2947 1101 2986 meum
1126 2937 1306 2986 ornat.

713 3102 799 3159 m).
862 3103 932 3147 Ex
989 3101 1091 3161 ipsa
1149 3101 1236 3148 hac
1296 3116 1439 3161 quam
1496 3101 1734 3148 innuimus
1790 3101 1944 3148 vultus
2003 3101 2271 3148 Sinensium
2328 3101 2550 3148 varietate
2608 3101 2841 3161 explicare
2899 3101 3056 3148 licebit

790 3197 999 3244 diuersas
1085 3205 1329 3244 auctorum
1412 3197 1459 3243 in
1545 3197 1866 3244 describendis
1952 3212 2117 3244 eorum
2202 3197 2371 3244 craniis
2456 3197 2822 3252 obseruationes,
2910 3197 3057 3244 sicubi

788 3308 831 3339 v.
897 3307 936 3339 c.
1001 3292 1289 3339 CAMPERUS
1354 3307 1408 3339 ea
1468 3292 1820 3339 Vtahitensibus
1882 3292 2122 3339 simillima
2185 3307 2288 3339 esse
2349 3292 2486 3347 dicat,
2551 3307 2661 3339 cum
2722 3300 2883 3339 contra
2943 3292 3059 3339 illud

790 3388 850 3435 de
901 3403 995 3448 quo
1047 3388 1122 3435 hic
1176 3388 1323 3448 agitur
1375 3388 1433 3435 ab
1487 3388 1825 3435 Vtahiten
1845 3388 1898 3435 si
1985 3388 2113 3448 quod
2164 3396 2299 3435 antea
2352 3388 2650 3435 exhibuimus
2703 3389 2755 3446 (—
2805 3390 2922 3435 Dec.
2978 3390 3053 3435 III.

789 3484 881 3531 tab.
952 3485 1029 3531 26.
1098 3485 1150 3542 —)
1218 3484 1394 3531 mirum
1461 3492 1688 3544 quantum
1755 3484 2004 3544 discrepet;
2073 3492 2149 3531 aut
2217 3484 2254 3531 si
2325 3486 2739 3531 DAUBENTONIUS
2808 3484 2919 3531 bina
2987 3484 3057 3531 Si-

789 3580 1005 3627 nensium
1064 3580 1216 3640 capita
1276 3595 1411 3627 ossea
1469 3580 1517 3626 in
1575 3595 1744 3627 museo
1804 3580 2012 3627 Parisino
2071 3580 2199 3627 nullo
2258 3580 2452 3627 notabili
2513 3580 2779 3627 charactere
2838 3580 2895 3627 ab
2955 3580 3056 3627 istis

790 3691 901 3723 suae
920 3676 1070 3736 gentis
1090 3676 1280 3723 differre
1300 3676 1485 3723 scribat.

940 3772 1085 3830 Quod
1159 3787 1271 3819 vero
1349 3774 1576 3819 LINNEUS
1655 3772 1703 3818 in
1780 3780 2031 3832 systemate
2106 3780 2297 3819 naturae
2375 3772 2594 3819 Sinenses
2669 3772 3057 3832 macrocephalos

790 3867 943 3927 capite
1005 3867 1173 3914 conico
1235 3875 1372 3914 vocet
1435 3875 1479 3914 et
1541 3882 1651 3914 cum
1712 3867 1908 3927 Alpium
1971 3875 2015 3914 et
2077 3867 2358 3927 Patagoniae
2419 3867 2586 3914 incolis
2649 3867 2708 3914 ad
2770 3877 3053 3914 monstrosas

789 3963 982 4010 humani
1049 3963 1232 4023 generis
1296 3963 1541 4010 varietates
1606 3963 1792 4023 releget,
1861 3963 1908 4009 ni
1973 3963 2110 4010 fallor
2173 3963 2311 4010 vnice
2378 3963 2436 4010 de
2503 3963 2823 4010 sacerdotibus
2890 3978 3056 4010 eorum

788 4059 1166 4106 mendicantibus
1245 4059 1599 4119 intelligendum
1678 4059 1845 4119 quibus
1926 4061 2247 4106 NIEUHOFIUS
2329 4059 2480 4119 capita
2557 4059 2775 4106 violentis
2855 4067 2899 4106 et
2979 4059 3058 4106 diu

788 4155 998 4215 repetitis
1083 4155 1290 4202 artificiis
1374 4163 1640 4202 monstrose
1725 4155 1993 4210 deformari,
2082 4155 2322 4215 quondam
2408 4155 2722 4202 contenderat.
2809 4171 2852 4202 v.
2945 4157 3056 4202 NIC.

790 4253 1044 4298 MELCHIS.
1066 4253 1353 4298 THEVENOT
1372 4251 1609 4298 Re'lations
1626 4251 1686 4298 de
1703 4251 1853 4298 divers
1873 4267 2072 4311 voyages
2091 4261 2167 4298 etc.
2194 4253 2245 4298 T.
2269 4253 2344 4298 III.
2366 4266 2411 4311 p.
2434 4252 2511 4298 67.
2532 4251 2608 4311 fig.
2637 4252 2708 4298 11.

714 4406 780 4463 n).
802 4407 1091 4465 Description
1111 4405 1170 4452 de
1189 4405 1236 4452 la
1257 4405 1415 4452 Chine.
1437 4407 1488 4452 T.
1512 4407 1565 4452 II.
1587 4420 1632 4465 p.
1655 4406 1765 4452 275.
1789 4405 1862 4452 ed.
1885 4407 2108 4465 Haganae
2132 4406 2271 4452 1736.
2293 4406 2337 4452 4.

715 4598 780 4655 o).
802 4599 934 4644 Reise
953 4597 1076 4644 nach
1096 4597 1333 4644 Ostindien
1354 4597 1452 4644 und
1470 4597 1620 4644 China
1639 4612 1685 4657 p.
1708 4598 1818 4644 226.

1572 5053 1661 5108 B2
2639 5053 2901 5109 VARIE-

1211 510 1280 566 12
1907 511 2066 567 J.F.
2123 510 2934 567 BLVMENBACHII

1929 740 2489 809 VARIETATIS
2522 741 2932 808 TERTIAE

1867 865 1919 946 S
1994 867 2055 944 P
2127 867 2195 944 E
2266 866 2336 946 C
2409 867 2443 944 I
2514 867 2613 944 M
2683 867 2751 944 E
2820 867 2901 945 N
2978 932 2991 945 .

1645 1109 1868 1179 XLV.
1899 1109 2487 1184 BOSJESMANNI
2518 1109 3215 1178 HOTTENTOTTAE.

1999 1279 2094 1364 (—
2154 1279 2371 1347 Tab.
2437 1280 2701 1347 XLV.
2766 1278 2861 1363 —)

1504 1475 1593 1533 Cl.
1651 1477 2129 1533 LICHTENSTEIN
2182 1477 2269 1533 M.
2327 1477 2400 1533 D.
2458 1475 2944 1533 Helmstadiensis
2999 1476 3118 1533 iam
3171 1475 3420 1533 feliciter
3472 1475 3657 1533 redux

1203 1614 1275 1653 ex
1344 1596 1550 1653 itinere
1621 1596 1906 1653 Africano
1978 1596 2142 1653 cuius
2212 1595 2545 1653 vberiorem
2616 1596 2884 1653 notitiam
2955 1604 3089 1670 post
3159 1596 3656 1670 praestantissima

1204 1716 1529 1790 specimina
1590 1716 1651 1772 in
1714 1724 2083 1773 antecessum
2147 1715 2218 1773 ab
2282 1734 2355 1773 eo
2418 1715 2575 1773 edita
2637 1715 2807 1773 auide
2869 1724 3179 1790 expectant
3240 1734 3447 1773 omnes
3510 1734 3653 1790 quo-

1202 1854 1333 1893 rum
1411 1835 1688 1893 historiae
1766 1835 2041 1893 naturalis
2122 1854 2188 1893 ac
2268 1835 2640 1910 ethnologiae
2719 1836 2982 1893 exoticae
3060 1836 3489 1893 incrementum
3567 1836 3653 1892 in-

1203 1964 1393 2024 terest,
1469 1964 1698 2030 praeter
1769 1956 2075 2013 innumera
2149 1955 2259 2013 alia
2333 1974 2482 2030 quae
2556 1974 2628 2013 ex
2701 1955 2914 2030 triplici
2987 1964 3226 2013 naturae
3297 1974 3478 2030 regno
3551 1974 3656 2030 per

1202 2094 1483 2150 magnum
1550 2076 1792 2133 Africae
1862 2075 2123 2133 australis
2192 2084 2440 2133 tractum
2510 2075 2581 2133 ab
2649 2076 2781 2150 ipso
2850 2084 3009 2133 tanto
3079 2075 3372 2133 solidioris
3441 2075 3654 2133 doctri-

1202 2214 1312 2253 nae
1402 2214 1559 2270 penu
1649 2196 1949 2264 instructo,
2043 2204 2414 2270 peragratum
2505 2195 2757 2270 collegit,
2852 2196 3031 2253 etiam
3123 2204 3370 2270 quatuor
3460 2196 3656 2253 crania

1202 2315 1604 2373 memorabilis
1681 2316 1846 2373 istius
1924 2317 2426 2373 Hottentottarum
2504 2316 2829 2373 stemmatis
2906 2315 3098 2373 retulit
3174 2315 3334 2390 quod
3409 2315 3547 2373 inde
3625 2334 3657 2373 a

1204 2435 1333 2493 Sec.
1446 2437 1631 2493 XVII.
1743 2435 1963 2504 medio,
2074 2435 2385 2493 hominum
2494 2435 2894 2493 siluaticorum
3004 2435 3191 2510 (Belg.
3306 2437 3354 2492 B
3376 2454 3412 2493 0
3434 2454 3459 2493 s
3471 2436 3493 2510 j
3517 2454 3550 2493 e
3571 2454 3596 2493 s
3618 2471 3638 2476 -

1202 2574 1264 2612 m
1285 2574 1317 2613 a
1336 2574 1432 2612 nn
1451 2556 1583 2627 en)
1651 2555 1875 2630 vulgari
1944 2556 2052 2613 etsi
2120 2556 2315 2613 minus
2384 2574 2646 2630 congruo
2715 2556 2956 2613 nomine
3024 2556 3275 2613 innotuit
3337 2556 3425 2629 19).
3499 2555 3656 2627 Qua-

1203 2684 1364 2733 terna
1447 2675 1593 2733 haec
1681 2676 1871 2750 capita
1956 2675 2105 2733 adeo
2190 2676 2452 2750 perfecte
2536 2676 2794 2733 inuicem
2880 2676 3197 2733 conuenire
3282 2684 3655 2750 compertum

1202 2795 1488 2853 habemus
1571 2815 1608 2869 q
1610 2796 1654 2867 ),
1736 2804 1799 2853 vt
1879 2795 2120 2853 difficile
2201 2796 2377 2853 fuerit
2459 2804 2679 2853 tantam
2762 2795 3208 2853 similitudinem
3289 2796 3440 2853 inter
3519 2795 3656 2853 bina

1202 2917 1647 2990 Europaeorum
1733 2916 1928 2973 crania
2012 2916 2283 2990 reperire.
2372 2916 2754 2990 Integerrimo
2840 2934 3047 2973 eorum
3131 2916 3221 2973 vir
3303 2915 3653 2973 humanissi-

1202 3054 1333 3093 mus
1415 3035 1838 3110 supellectilem
1917 3054 2116 3093 meam
2196 3035 2416 3104 ditauit,
2499 3036 2593 3093 cui
2674 3054 2747 3093 eo
2827 3036 3016 3093 maius
3096 3036 3349 3110 pretium
3430 3035 3658 3093 accedit

1203 3155 1362 3230 quod
1433 3164 1489 3213 et
1558 3155 1832 3213 facialem
1903 3156 2086 3213 cutim
2157 3174 2294 3213 cum
2366 3155 2640 3213 subiectis
2711 3155 2992 3213 musculis
3065 3155 3405 3224 adiunxerit,
3478 3174 3657 3230 quam

1204 3294 1236 3333 a
1305 3276 1526 3333 recenti
1597 3275 1883 3333 cadauere
1955 3275 2269 3333 artificiose
2341 3275 2530 3344 soluit,
2604 3284 2661 3333 et
2732 3284 2867 3350 apto
2939 3275 3164 3350 liquore
3234 3276 3312 3333 ita
3384 3276 3653 3344 seruauit,

1201 3404 1263 3453 vt
1322 3396 1441 3453 iam
1502 3414 1636 3453 eam
1698 3396 1822 3453 siue
1882 3396 1995 3470 ipsi
2057 3396 2256 3453 cranio
2320 3396 2444 3453 siue
2504 3414 2727 3470 gypseo
2790 3395 3056 3453 eiusdem
3117 3404 3330 3470 ectypo
3393 3396 3652 3470 superin-

1203 3515 1417 3573 ducere
1443 3515 1711 3590 adeoque
1734 3516 1927 3590 ipsam
1951 3515 2183 3573 barbari
2207 3516 2372 3573 istius
2396 3516 2717 3590 imaginem
2741 3515 3173 3573 viuidissimam
3197 3534 3424 3590 reprae-

1388 3688 1456 3747 p).
1521 3687 1659 3742 ;,,The
1717 3689 2013 3747 Bosjesmans
2073 3703 2196 3734 seem
2259 3697 2303 3734 to
2365 3687 2422 3734 be
2483 3687 2557 3734 the
2618 3697 2716 3734 true
2776 3687 3039 3747 aborigines
3101 3688 3160 3747 of
3217 3687 3291 3734 the
3356 3688 3658 3745 (Hottentot—)

1465 3793 1657 3843 country
1708 3783 1926 3830 unmixed
1977 3783 2083 3830 with
2134 3799 2227 3843 any
2277 3783 2408 3830 other
2458 3783 2593 3830 tribes
2643 3784 2703 3843 of
2741 3783 2919 3843 people.
2932 3784 2968 3800 "7
3019 3785 3095 3830 JO.
3149 3785 3387 3830 BARROW
3439 3783 3486 3829 in
3543 3785 3650 3830 Tra-

1466 3879 1560 3926 vels
1605 3881 1697 3926 into
1741 3879 1815 3926 the
1858 3881 2045 3926 interior
2086 3880 2145 3939 of
2184 3879 2532 3926 Southern
2609 3879 2857 3926 Africa
2934 3881 2985 3926 T.
3034 3881 3065 3926 I.
3111 3894 3156 3939 p.
3208 3880 3313 3926 158.
3361 3879 3424 3926 cf.
3471 3894 3659 3939 quoque

1465 3975 1728 4022 Kicherer's
1789 3977 2033 4022 Narrative
2096 3976 2155 4035 of
2211 3975 2282 4022 his
2344 3977 2532 4022 mission
2597 3985 2641 4022 to
2704 3975 2778 4022 the
2842 3977 2880 4021 B
2901 3975 3273 4022 oschemen
3371 3975 3418 4021 in
3487 3977 3526 4021 T
3521 3991 3649 4022 rans-

1464 4073 1643 4118 actions
1691 4072 1750 4131 of
1794 4071 1868 4118 the
1914 4073 2200 4131 Missionary
2246 4072 2424 4131 Society
2473 4071 2564 4118 vol.
2618 4073 2671 4118 II.
2723 4073 2782 4118 N.
2835 4073 2867 4118 I.
2918 4086 2963 4131 p.
3015 4072 3059 4118 6.
3112 4071 3235 4118 Sane
3283 4071 3421 4131 longe
3471 4086 3497 4118 a
3544 4086 3655 4118 vero

1465 4167 1680 4214 aberrare
1763 4167 1841 4227 qui
1923 4167 2064 4227 vulgo
2146 4167 2506 4214 Buschmannos
2588 4182 2674 4227 pro
2755 4167 2965 4227 fugitiuis
3048 4167 3354 4214 Hottentottis
3437 4167 3655 4222 habuere,

1463 4262 1674 4322 pluribus
1742 4262 2078 4309 demonstrabit
2146 4262 2201 4309 cl.
2273 4264 2653 4309 LICHTENSTEIN
2721 4262 2768 4308 in
2836 4262 2941 4322 ipso
3009 4262 3137 4322 quod
3203 4262 3300 4309 iam
3367 4262 3426 4309 de
3493 4262 3657 4309 itinere

1465 4373 1550 4405 suo
1614 4358 1674 4405 ad
1735 4358 1917 4418 prelum
1979 4366 2110 4418 parat
2174 4373 2330 4418 opere.
2397 4358 2677 4405 Cauendum
2739 4358 2927 4405 interim
2990 4373 3049 4405 ne
3110 4358 3233 4405 forte
3296 4358 3656 4405 Buschmannos

1465 4469 1575 4501 cum
1618 4454 1889 4514 Beetjuanis
1932 4469 1967 4501 s.
2015 4454 2295 4501 Husvvannis
2339 4454 2601 4501 confundas
2644 4462 2807 4514 vtpote
2851 4469 2971 4514 quae
3012 4454 3122 4501 bina
3167 4462 3414 4501 stemmata
3456 4469 3566 4501 vere
3608 4462 3656 4501 vt

1465 4552 1789 4597 Hottentottae
1855 4550 2043 4610 proprie
2111 4550 2175 4597 sic
2246 4550 2358 4597 dicti
2428 4565 2454 4597 a
2523 4550 2696 4597 Caffris
2765 4550 3000 4605 differunt,
3072 4550 3303 4610 siquidem
3371 4550 3655 4610 Beetjuanos

1465 4646 1523 4693 ab
1543 4646 1629 4701 his,
1653 4648 1970 4693 Hottentottas
1988 4661 2100 4693 vero
2120 4661 2146 4693 a
2165 4646 2511 4693 Buschmannis
2531 4654 2687 4693 ortum
2706 4646 2897 4693 duxisse
2914 4646 3312 4693 verisimillimum
3331 4654 3412 4693 est.

1390 4743 1456 4802 q).
1504 4758 1547 4789 v.
1598 4742 1792 4789 GOTTL.
1842 4744 1893 4789 E.
1945 4742 2185 4789 SCHULZE
2234 4742 2348 4789 u'ber
2393 4742 2439 4789 G
2458 4742 2622 4789 all's
2683 4742 3038 4802 Entdeckungen
3085 4742 3161 4789 die
3206 4743 3392 4802 Organe
3437 4742 3519 4789 des
3565 4743 3653 4789 Ge-

1464 4837 1593 4884 hirns
1637 4837 1890 4897 betrerFend
1931 4852 1976 4897 p.
2024 4838 2101 4884 26.
2146 4837 2226 4884 vbi
2272 4845 2316 4884 et
2360 4839 2417 4884 V.
2465 4837 2536 4884 Cl.
2585 4845 2793 4884 curatam
2837 4837 3007 4884 horum
3051 4837 3318 4884 craniorum
3360 4845 3409 4884 vt
3453 4845 3498 4884 et
3540 4837 3652 4884 vbe-

1463 4933 1638 4980 riorem
1658 4933 1716 4980 de
1735 4933 2081 4980 Buschmannis
2100 4933 2315 4980 notitiam
2335 4933 2412 4980 dat
2432 4948 2458 4980 a
2479 4935 2915 4980 LICHTENSTEINIO
2935 4933 3024 4993 ipsi
3046 4933 3403 4993 suppeditatam.

639 495 820 552 DEC.
850 495 1161 567 QVINTA
1179 495 1408 552 COLL.
1440 495 1639 552 SVAE
1665 495 1909 552 CRAN.
1936 496 2093 552 DIV.
2117 495 2348 552 GENT.
2374 495 2721 552 ILLVSTR.
2988 495 3053 552 13

604 725 831 774 sentare
891 716 1080 774 liceat.
1144 717 1274 774 Viri
1335 725 1422 774 est
1484 717 1861 791 sexagenarii,
1925 735 1998 774 ex
2059 735 2127 774 ea
2188 717 2430 774 Africae
2493 716 2754 774 australis
2816 717 3054 791 regione

603 855 752 911 quae
840 837 1086 894 fluuium
1173 837 1525 894 Aurantium
1615 836 1802 911 (Belg.
1896 837 2347 910 Oranje-revier)
2437 845 2494 894 et
2581 836 2751 894 Sacci
2842 836 3049 908 (Zack—

603 957 809 1028 revier)
879 957 1198 1025 interiacet,
1271 957 1370 1031 qui
1439 956 1678 1031 quidem
1747 965 2061 1031 postquam
2130 975 2235 1031 per
2302 957 2534 1031 triginta
2603 975 2786 1014 annos
2855 957 3056 1031 rapina

603 1085 660 1134 et
723 1076 1101 1151 praedatione
1167 1076 1393 1134 colonis
1459 1077 1695 1134 Batauis
1760 1077 2105 1151 praesertim
2170 1077 2231 1133 in
2296 1076 2652 1134 districtibus
2718 1076 3057 1151 Roggeveld

603 1205 660 1254 et
717 1196 1095 1254 Nieuweveld
1153 1196 1545 1254 formidabilis
1604 1197 1811 1265 fuerat,
1873 1196 2116 1254 demum
2174 1215 2253 1254 m.
2315 1197 2483 1254 Maio
2550 1196 2722 1254 1805.
2786 1215 3053 1271 compre-

602 1316 815 1374 hensus
840 1316 1056 1374 eodem
1082 1335 1233 1374 anno
1259 1316 1603 1374 decurrente
1627 1317 1689 1373 in
1712 1335 1945 1374 carcere
1970 1316 2130 1374 obiit.

905 1494 1281 1553 Characteres
1349 1497 1627 1568 primarii.
1716 1494 1999 1552 Cranium
2078 1503 2406 1569 angustum,
2487 1494 2560 1552 ad
2637 1494 2816 1552 latera
2892 1513 3055 1552 com-

602 1633 887 1689 pressum,
976 1615 1171 1672 minus
1260 1623 1458 1672 tamen
1544 1633 1723 1689 quam
1810 1615 1871 1671 in
1956 1614 2349 1689 Aethiopibus
2437 1615 2721 1689 genuinis.
2814 1614 3056 1672 Ossium

603 1734 892 1792 caluariae
959 1735 1193 1809 proprie
1263 1735 1344 1792 sic
1415 1734 1707 1792 dictorum
1774 1735 2046 1792 vniuersa
2115 1753 2432 1809 compages
2503 1753 2546 1792 s.
2617 1734 3054 1809 receptaculum

603 1854 909 1929 encephali
998 1873 1104 1929 pro
1195 1855 1464 1929 portione
1553 1855 1702 1912 mire
1792 1854 2153 1929 depressum,
2245 1863 2561 1912 retrorsum
2650 1855 2712 1911 in
2800 1855 3055 1929 occipite

601 1974 770 2032 valde
863 1974 1215 2049 elongatum.
1311 1974 1541 2032 Tubera
1633 1974 1903 2032 frontalia
1995 1974 2342 2049 prominula.
2438 1976 2620 2032 Frons
2713 1975 2841 2049 ipsa
2933 1975 3056 2032 fere

604 2094 677 2152 ad
746 2094 1232 2169 perpendiculum
1302 2094 1682 2152 descendens.
1756 2095 1902 2152 Nasi
1973 2113 2106 2152 ossa
2175 2103 2543 2169 perangusta,
2618 2094 2791 2152 simul
2862 2103 3056 2152 autem

603 2233 740 2272 cum
797 2233 1182 2289 processuum
1240 2214 1528 2272 nasalium
1585 2215 1647 2271 in
1704 2214 1935 2272 ossibus
1993 2214 2395 2272 maxillaribus
2453 2215 2606 2272 facie
2665 2215 2872 2283 antica,
2932 2215 3056 2272 fere

602 2335 663 2391 in
739 2334 954 2392 eodem
1031 2334 1207 2409 plano
1284 2334 1631 2392 horizontali
1707 2335 1916 2409 posita,
1995 2335 2074 2392 ita
2148 2343 2211 2392 vt
2284 2335 2556 2392 vniuersa
2633 2353 2765 2392 area
2841 2334 3054 2392 nasalis

603 2454 819 2512 orbitas
880 2454 1291 2512 discriminans
1353 2473 1385 2512 a
1444 2454 1692 2529 glabella
1750 2473 1935 2529 vsque
1997 2454 2069 2512 ad
2129 2455 2358 2512 narium
2419 2463 2751 2529 aperturam
2811 2454 3056 2512 decliuis

603 2583 660 2632 et
763 2574 878 2632 late
984 2574 1289 2649 explanata
1395 2574 1727 2632 descendat.
1837 2576 2023 2632 Nares
2130 2575 2391 2632 internae
2498 2583 2792 2649 angustae.
2903 2574 3056 2632 Ossa

603 2694 890 2752 turbinata
972 2695 1196 2769 exigua.
1281 2696 1597 2752 Processus
1678 2694 1914 2752 malaris
1997 2695 2220 2752 ossium
2301 2694 2696 2752 maxillarium
2778 2694 3055 2752 deorsum

603 2814 903 2889 elongatus
968 2823 1025 2872 et
1089 2815 1254 2889 quasi
1317 2815 1640 2872 vncinatus.
1707 2816 1984 2872 Mentum
2047 2814 2465 2889 prominulum,
2531 2815 2681 2872 mire
2746 2823 3057 2889 angustum

603 2943 660 2992 et
732 2943 1093 3009 peracutum.
1172 2934 1444 2992 Coronae
1518 2934 1799 3003 dentium,
1875 2935 2220 3009 praesertim
2293 2935 2616 2992 incisorum
2690 2935 3057 3009 superiorum

602 3055 726 3112 fere
749 3055 811 3111 in
834 3063 1024 3112 totum
1049 3054 1292 3112 detritae
1318 3055 1389 3126 r).

901 3232 1032 3290 Alia
1106 3232 1429 3290 obseruata.
1513 3232 1666 3290 Ossa
1738 3232 2027 3290 caluariae
2101 3233 2416 3307 superiora,
2489 3233 2723 3290 verticis
2795 3233 3054 3307 inquam,

602 3353 828 3421 frontis,
894 3361 952 3410 et
1014 3371 1147 3427 pars
1213 3371 1528 3427 squamosa
1592 3352 2007 3427 temporalium
2071 3353 2430 3421 tenuissima,
2497 3353 2621 3410 fere
2685 3352 3052 3410 translucida.

604 3472 874 3530 Ossicula
935 3473 1061 3530 nasi
1122 3473 1379 3530 inuicem
1442 3481 1731 3530 concreta.
1796 3474 1934 3530 Pars
1996 3472 2232 3530 malaris
2295 3481 2352 3530 et
2414 3472 2771 3547 sphenoidea
2833 3472 3055 3530 orbitae

604 3593 868 3650 sinistrae
937 3611 1074 3650 vere
1146 3592 1435 3661 absorbta,
1508 3593 1587 3650 ita
1656 3601 1718 3650 vt
1786 3593 1977 3667 paries
2049 3593 2300 3650 exterior
2368 3593 2676 3650 foraminis
2747 3592 3055 3650 oculorum

602 3731 817 3787 magno
842 3712 1003 3770 hiatu
1027 3713 1192 3787 quasi
1216 3721 1483 3787 pertusus
1510 3721 1799 3787 appareat.

902 3892 1193 3949 Vniuerso
1291 3892 1632 3966 ceteroquin
1727 3891 1929 3949 habitu
2024 3891 2410 3949 memorabile
2507 3891 2694 3949 hocce
2792 3892 3057 3949 cranium

602 4012 864 4086 perfecte
940 4012 1216 4069 conuenit
1291 4030 1427 4069 cum
1502 4011 1655 4069 binis
1730 4011 2133 4069 Boschmanni
2207 4012 2318 4069 viri
2394 4012 2636 4086 eiusque
2709 4012 2904 4069 vxoris
2981 4011 3054 4069 ad

601 4132 805 4189 viuum
890 4132 951 4188 in
1035 4131 1297 4189 districto
1383 4131 1722 4206 Roggeveld
1807 4131 2109 4189 delineatis
2195 4131 2550 4206 imaginibus
2635 4150 2778 4206 quas
2863 4131 3053 4189 Perill.

602 4253 828 4309 BANKS
893 4270 965 4309 ex
1026 4270 1242 4326 magno
1307 4270 1412 4309 suo
1475 4251 1702 4326 periplo
1764 4252 2098 4326 reportauit,
2162 4270 2518 4326 mecumque
2582 4270 2718 4309 cum
2781 4260 2867 4309 tot
2930 4251 3056 4309 aliis

603 4372 964 4429 exoticarum
987 4372 1250 4446 gentium
1275 4372 1656 4429 curatissimis
1681 4372 1920 4446 picturis
1945 4371 2370 4429 humanissime
2396 4372 2873 4429 communicauit.

714 4723 772 4780 r).
793 4738 836 4769 v.
858 4723 1136 4769 BARROW'S
1159 4738 1335 4782 voyage
1354 4732 1398 4769 to
1419 4722 1459 4769 C
1480 4737 1509 4769 o
1529 4737 1554 4769 c
1573 4722 1687 4768 hin
1707 4737 1732 4769 c
1751 4722 1865 4768 hin
1885 4737 1911 4769 a
1963 4737 2008 4782 p.
2032 4723 2141 4769 382.
2164 4723 2243 4777 *,,It
2260 4738 2358 4769 was
2376 4722 2621 4769 remarked
2638 4722 2738 4769 that

828 4818 902 4865 the
920 4818 1069 4865 oldest
1084 4818 1386 4878 Bosjesmans
1406 4818 1509 4878 they
1526 4834 1634 4873 saw,
1659 4818 1760 4865 had
1776 4828 1858 4865 not
1873 4818 1962 4865 lost
1976 4834 2007 4865 a
2025 4818 2188 4878 simple
2206 4818 2341 4873 tooth,
2367 4818 2448 4865 but
2463 4818 2562 4865 that
2579 4820 2623 4865 in

827 4930 968 4974 many
988 4916 1215 4961 instances
1234 4914 1337 4974 they
1357 4930 1477 4961 were
1496 4930 1626 4961 worn
1645 4914 1784 4961 down
1805 4916 1850 4961 in
1870 4930 1901 4961 a
1919 4914 2211 4961 remarkable
2230 4930 2428 4961 manner
2445 4924 2490 4961 to
2508 4930 2633 4961 mere

826 5020 1008 5070 stumps.
1023 5011 1049 5027 "

1211 510 1281 566 14
1907 511 2066 567 J.F.
2123 510 2934 567 BLVMENBACHII

1904 740 2464 809 VARIETATIS
2498 740 2956 826 QVARTAE

1774 865 2528 946 SPECIMINA
2593 866 3084 945 TERNA.

1854 1109 2115 1179 XLVI.
2146 1107 2411 1178 ATVRI
2442 1107 3006 1178 ORINOCCANI.

2037 1273 2117 1342 (—
2171 1272 2357 1329 Tab.
2418 1274 2685 1329 XLVI.
2744 1273 2823 1342 —)

1502 1449 1705 1506 ALEX.
1749 1461 1836 1505 DE
1877 1450 2277 1517 HUMBOLDT,
2321 1467 2499 1523 quem
2541 1457 2598 1506 et
2636 1449 2785 1506 meis
2827 1448 3127 1523 quondam
3167 1448 3658 1523 praelectionibus

1202 1569 1537 1626 interfuisse
1611 1568 2020 1643 perassiduum
2095 1577 2151 1626 et
2224 1569 2522 1626 maximae
2598 1569 2721 1643 spei
2798 1568 3124 1626 auditorem
3198 1568 3432 1643 gloriari
3506 1568 3655 1625 mihi

1202 1688 1391 1757 liceat,
1467 1689 1679 1746 veteris
1757 1689 1933 1746 amici
2008 1688 2100 1746 vel
2174 1689 2235 1745 in
2309 1697 2571 1746 extremo
2647 1707 2805 1746 nouo
2881 1688 3024 1746 orbe
3100 1707 3277 1763 quem
3352 1688 3654 1746 itineribus

1204 1809 1320 1866 suis
1408 1809 1678 1883 impense
1765 1808 2071 1866 illustrauit
2158 1827 2406 1877 memor,
2497 1817 2725 1883 praeter
2813 1808 2924 1866 alia
3012 1808 3221 1883 quibus
3312 1817 3654 1883 apparatum

1202 1947 1404 1986 meum
1505 1947 1700 1986 rerum
1801 1928 2152 1986 naturalium
2256 1928 2506 1997 adauxit,
2610 1929 2879 2003 inprimis
2983 1929 3397 2003 acceptissimo
3500 1928 3656 1986 dono

1203 2049 1385 2106 cranii
1447 2048 1521 2106 de
1584 2067 1701 2123 quo
1764 2048 1858 2106 hic
1924 2049 2110 2123 agitur
2170 2067 2268 2106 me
2331 2049 2546 2117 affecit,
2612 2049 2776 2106 cuius
2839 2048 3144 2106 historiam
3207 2067 3279 2106 ex
3340 2049 3482 2123 ipsis
3543 2049 3654 2106 viri

1202 2168 1544 2243 perillustris
1569 2168 1772 2226 litteris
1799 2168 2141 2226 subnectere
2164 2168 2352 2226 liceat.

1502 2347 1704 2404 Extitit
1754 2346 2054 2421 quondam
2105 2347 2166 2403 in
2217 2365 2286 2404 ea
2339 2365 2596 2404 nouae
2681 2346 3190 2404 Andalusiae
3276 2347 3551 2404 interiore
3603 2355 3660 2404 et

1202 2485 1411 2541 parum
1497 2467 1730 2541 cognita
1814 2475 1979 2541 parte
2065 2485 2215 2541 quae
2303 2466 2550 2524 altum
2671 2466 3115 2524 Orinocum
3237 2466 3310 2524 ad
3395 2467 3658 2541 ingentes

1202 2587 1372 2644 Aturi
1427 2595 1484 2644 et
1536 2587 1813 2661 Maypuri
1868 2595 2185 2644 cataractas
2239 2587 2291 2658 s)
2350 2586 2592 2655 adiacet,
2650 2586 2900 2661 populus
2956 2587 3208 2644 Aturo
3228 2605 3393 2644 rum
3480 2586 3658 2644 hodie

1203 2707 1507 2775 extinctus,
1598 2707 1697 2781 qui
1785 2706 2198 2764 defunctorum
2286 2706 2572 2764 cadauera
2659 2725 2875 2781 magno
2963 2725 3209 2764 numero
3298 2715 3355 2764 et
3440 2707 3655 2781 partim

1204 2826 1479 2901 singulari
1559 2826 1741 2884 modo
1822 2835 2036 2895 curata,
2118 2827 2180 2883 in
2258 2827 2476 2901 cryptis
2558 2826 2944 2884 subterraneis
3025 2826 3361 2901 sepeliebat,
3444 2826 3653 2901 quibus

1202 2965 1375 3021 rupes
1440 2947 1757 3021 graniticae
1822 2947 1884 3003 in
1947 2947 2089 3021 ipsis
2154 2947 2279 3004 istis
2345 2947 2648 3004 cataractis
2715 2947 3058 3015 eminentes,
3127 2955 3439 3004 excauatae
3505 2955 3650 3004 sunt.

1202 3068 1332 3124 Vna
1397 3066 1606 3124 harum
1674 3066 2101 3141 speluncarum,
2173 3067 2518 3141 Atarnip
2540 3067 2760 3124 ensis
2781 3085 3015 3141 nempe,
3086 3085 3263 3141 quam
3330 3066 3657 3124 indefessus

1202 3186 1300 3244 ille
1369 3187 1768 3261 peregrinator
1835 3205 1954 3244 non
2024 3187 2148 3244 sine
2217 3186 2478 3261 periculo
2548 3187 2761 3255 inuisit,
2836 3186 2909 3244 ad
2980 3195 3250 3244 sexcenta
3320 3186 3656 3244 continebat

1203 3306 1507 3375 cadauera,
1589 3325 1840 3381 quorum
1920 3306 2171 3381 quoduis
2251 3306 2430 3364 corbe
2510 3325 2613 3364 seu
2693 3325 2866 3364 sacco
2946 3306 3277 3364 inuolutum
3357 3315 3494 3375 erat,
3577 3307 3655 3364 ita

1203 3435 1401 3484 tamen
1467 3435 1529 3484 vt
1599 3426 1725 3484 aliis
1795 3426 2007 3484 horum
2077 3426 2517 3484 inuolucrorum
2586 3426 2741 3484 nuda
2811 3445 2946 3484 ossa
3016 3427 3140 3484 siue
3210 3426 3460 3484 candida
3531 3427 3654 3484 siue

1202 3547 1385 3604 Bixae
1469 3546 1761 3604 orellanae
1845 3546 2057 3604 rubore
2141 3547 2337 3615 tincta,
2425 3546 2551 3604 aliis
2634 3565 2774 3604 vero
2860 3546 3069 3604 eadem
3153 3547 3512 3604 mumiarum
3596 3547 3657 3603 in

1202 3666 1450 3724 modum
1522 3666 1810 3724 bitumine
1883 3675 1940 3724 et
2011 3666 2341 3741 plantarum
2413 3666 2571 3724 foliis
2644 3667 2933 3741 permixta
3006 3667 3459 3735 continerentur;
3531 3667 3655 3724 imo

1201 3805 1340 3844 vero
1403 3795 1459 3844 et
1518 3795 1817 3861 praeterea
1879 3786 2224 3861 sarcophagi
2286 3805 2358 3844 ex
2420 3786 2619 3861 argilla
2679 3805 2798 3844 non
2858 3795 3027 3844 cocta
3087 3787 3272 3861 parati
3334 3795 3391 3844 et
3451 3805 3654 3844 croco-

1203 3906 1458 3964 dilorum
1517 3906 1716 3981 figuris
1776 3907 1917 3981 picti
1979 3906 2270 3964 adstarent
2327 3907 2364 3963 4
2426 3906 2608 3981 pedes
2669 3906 2847 3981 longi,
2912 3907 2944 3964 3
3007 3906 3108 3964 lati
3169 3915 3226 3964 et
3285 3907 3392 3964 toti
3453 3907 3652 3981 quanti

1203 4026 1433 4084 ossibus
1457 4026 1680 4101 repleti.

1504 4205 1787 4263 Cranium
1841 4205 2000 4280 quod
2052 4206 2172 4263 iam
2224 4206 2493 4280 generosi
2545 4206 2656 4263 viri
2709 4224 2847 4263 cura
2900 4224 2972 4263 ex
3023 4206 3136 4263 isto
3192 4205 3500 4280 sepulcrali
3555 4224 3651 4263 an-

1203 4326 1532 4400 tiquissimo
1607 4344 1842 4383 recessu
1915 4326 1976 4382 in
2049 4344 2251 4383 meum
2324 4344 2598 4383 museum
2673 4326 2894 4383 transiit
2968 4344 3105 4383 eum
3179 4325 3444 4383 habitum
3518 4344 3657 4400 prae

1204 4464 1267 4503 se
1321 4446 1434 4503 fert
1488 4464 1666 4520 quem
1721 4446 1850 4520 ipse
1905 4446 2024 4503 iam
2079 4446 2140 4502 in
2196 4446 2428 4520 egregia
2483 4445 2890 4503 dissertatione
2946 4445 3020 4503 de
3075 4446 3391 4503 Americae
3446 4445 3655 4503 incolis

1204 4565 1601 4640 aboriginibus
1627 4565 1934 4640 descripsit
1959 4566 2019 4637 t).
2068 4566 2312 4640 Propius
2337 4565 2436 4623 ille
2461 4584 2493 4623 a
2517 4565 2864 4640 Mongolico
2891 4584 3068 4640 quam
3094 4565 3166 4623 ab

1315 4738 1372 4795 s).
1395 4739 1550 4784 Locus
1570 4737 1737 4784 harum
1757 4752 2063 4784 cauernarum
2083 4737 2413 4797 sepulcralium
2432 4745 2616 4784 notatur
2636 4737 2719 4784 sub
2740 4737 2933 4784 nomine
2952 4737 3141 4784 Raudal
3157 4737 3207 4784 di

1388 4834 1551 4880 Atures
1569 4833 1617 4879 in
1636 4848 1809 4893 mappa
1828 4833 2141 4893 geographica
2161 4833 2285 4893 apud
2304 4834 2433 4880 ANT.
2456 4833 2675 4888 CAULIN,
2697 4833 2887 4880 historia
2907 4833 3243 4893 corographica

1389 4929 1576 4976 natural
1593 4945 1623 4989 y
1642 4929 1908 4989 evangelica
1927 4929 1986 4976 de
2006 4929 2052 4976 la
2071 4944 2101 4975 n
2119 4945 2149 4976 u
2169 4944 2196 4976 e
2212 4945 2243 4976 v
2260 4944 2286 4976 a
2338 4930 2384 4975 A
2403 4944 2433 4975 n
2452 4929 2483 4976 d
2502 4929 2561 4976 al
2580 4945 2610 4976 u
2630 4944 2655 4976 c
2674 4929 2689 4975 i
2709 4944 2735 4976 a
2759 4969 2766 4976 .
2789 4929 2943 4976 Madr.
2972 4930 3110 4976 1779.
3131 4929 3213 4976 fol.
3237 4929 3363 4976 Sitae

1390 5033 1494 5072 sunt
1514 5025 1598 5072 sub
1619 5026 1752 5072 5039'
1774 5025 1849 5072 lat.
1871 5025 2045 5072 boreal.
2068 5033 2113 5072 et
2133 5026 2220 5072 510
2242 5025 2401 5085 longit.
2425 5025 2575 5072 occid.
2598 5025 2707 5072 inde
2727 5025 2784 5072 ab
2804 5025 2889 5072 ins.
2913 5025 3052 5072 Ferri.

1314 5122 1367 5179 t).
1390 5123 1441 5167 In
1461 5121 1516 5168 cl.
1539 5123 1756 5168 BIESTER
1775 5137 1893 5168 neue
1910 5121 2119 5168 Berliner
2134 5121 2439 5168 Monatsschr.
2465 5123 2516 5168 T.
2538 5123 2644 5168 XV.
2665 5136 2710 5181 p.
2739 5122 2844 5168 197.

639 495 820 552 DEC.
850 495 1161 567 QVINTA
1179 495 1408 552 COLL.
1440 495 1639 552 SVAE
1665 495 1909 552 CRAN.
1936 496 2093 552 DIV.
2117 495 2348 552 GENT.
2374 495 2721 552 ILLVSTR.
2988 495 3056 552 15

602 716 957 791 Aethiopico
1023 716 1201 774 abest.
1267 718 1591 791 Zygomata
1654 716 1892 791 quidem
1955 735 2073 774 non
2136 716 2285 774 adeo
2349 735 2527 791 quam
2589 717 2650 773 in
2711 716 2825 774 illis
2889 735 3051 774 com-

602 836 833 911 planata
903 845 960 894 et
1030 845 1355 894 extrorsum
1425 837 1760 905 eminentia,
1834 845 2090 894 attamen
2159 836 2363 894 latiora
2433 855 2611 911 quam
2681 837 2742 893 in
2810 836 3053 894 Aethio-

602 956 792 1031 pibus,
877 975 909 1014 a
990 956 1199 1031 quibus
1280 965 1579 1031 praeterea
1660 965 1718 1014 et
1798 956 2086 1014 caluariae
2168 965 2225 1014 et
2304 956 2681 1014 mandibulae
2761 957 3054 1014 inferioris

602 1076 906 1134 latitudine
974 1076 1188 1134 differt.
1260 1078 1441 1134 Frons
1508 1076 1678 1134 valde
1745 1076 2022 1134 reclinata
2090 1076 2329 1134 elatiore
2396 1076 2549 1134 linea
2617 1095 2722 1151 per
2787 1076 3054 1134 medium

603 1197 726 1254 eius
822 1196 1165 1254 decurrente
1261 1196 1568 1254 dirimitur.
1666 1197 1915 1254 Narium
2012 1205 2278 1271 apertura
2373 1215 2510 1254 cum
2603 1197 2875 1254 vniuersa
2970 1196 3052 1254 ol-

602 1317 789 1374 factus
869 1316 1105 1374 officina
1184 1316 1568 1391 amplissima;
1648 1316 1871 1374 orbitae
1949 1325 2151 1374 contra
2228 1335 2334 1391 pro
2413 1317 2683 1391 portione
2762 1317 3054 1391 angustio-

602 1455 710 1494 res.
784 1438 1033 1494 Textura
1103 1437 1280 1494 totius
1351 1436 1640 1494 caluariae
1710 1437 1859 1494 mire
1930 1445 2240 1511 compacta
2310 1445 2368 1494 et
2437 1436 2704 1511 perdura,
2776 1437 2838 1493 in
2906 1436 3053 1494 locis

603 1556 846 1614 durante
870 1556 1213 1631 longissima
1235 1565 1473 1614 vectura
1498 1557 1691 1614 attritu
1714 1556 1911 1631 politis
1936 1557 2217 1614 marmori
2244 1556 2490 1614 aemula.

1434 1800 1714 1867 XLVII.
1748 1800 2222 1867 BRASILIANI.

1350 1969 1445 2054 (—
1505 1969 1722 2037 Tab.
1789 1970 2151 2037 XLVII.
2216 1968 2311 2053 —)

791 2164 948 2222 Cum
1041 2173 1173 2222 ante
1267 2164 1487 2239 aliquot
1579 2183 1761 2222 annos
1853 2164 2277 2222 illustrissimus
2370 2165 2635 2222 ARAUIO
2726 2165 3058 2222 Lusitaniae

604 2293 781 2342 status
833 2285 1117 2353 minister,
1172 2293 1292 2342 tam
1345 2285 1592 2342 summis
1644 2285 1705 2341 in
1755 2284 2183 2359 rempublicam
2234 2285 2458 2342 meritis
2511 2303 2688 2359 quam
2741 2285 3054 2359 omnigena

603 2404 930 2462 eruditione
992 2423 1177 2479 aeque
1239 2404 1614 2473 clarissimus,
1677 2423 1776 2462 me
1836 2405 2130 2473 inuiseret,
2194 2423 2423 2479 egoque
2485 2404 2673 2462 obiter
2732 2423 3054 2462 memoras-

604 2543 730 2582 sem
768 2533 903 2599 post
940 2525 1184 2599 repetita
1223 2533 1280 2582 et
1316 2525 1492 2593 varia,
1535 2533 1621 2582 ast
1658 2524 1937 2582 hactenus
1976 2525 2206 2582 incassa
2244 2525 2557 2582 conamina
2597 2543 2763 2599 spem
2803 2524 3056 2599 denique

602 2663 700 2702 me
758 2644 1009 2702 deficere
1067 2644 1598 2702 obtinenendorum
1656 2663 1728 2702 ex
1784 2645 2065 2702 America
2122 2645 2455 2702 Lusitanica
2512 2645 2846 2702 craniorum
2903 2644 3052 2702 indi-

602 2783 904 2839 genorum.
954 2764 1057 2822 Ille
1104 2773 1305 2822 contra
1353 2783 1416 2822 se
1462 2783 1703 2822 omnem
1750 2773 2097 2822 nauaturum
2144 2783 2387 2839 operam
2433 2765 2702 2839 promisit
2747 2783 2860 2839 qua
2906 2764 3054 2821 mihi

601 2903 783 2942 vnum
829 2884 1152 2942 alterumue
1195 2885 1457 2942 maxime
1501 2885 1820 2959 genuinum
1863 2884 1992 2942 Indi
2036 2884 2345 2942 Brasiliani
2390 2893 2564 2959 caput
2607 2903 2846 2942 osseum
2891 2903 3053 2942 com-

602 3013 846 3079 pararet.
940 3005 1211 3079 Hincque
1300 3004 1719 3079 Vlyssiponam
1808 3023 2073 3062 reuersus
2163 3005 2385 3062 curauit
2471 3013 2550 3073 vt,
2641 3013 2784 3062 nutu
2873 3005 3055 3079 ipsius

604 3124 875 3199 Supremi
950 3125 1280 3199 Regiminis
1354 3125 1545 3199 Regii,
1623 3124 1992 3182 Gubernium
2067 3126 2248 3182 Parae
2322 3124 2690 3182 Brasileense
2764 3124 3058 3182 iuberetur

603 3244 927 3302 desiderata
1037 3244 1420 3302 barbarorum
1530 3244 1941 3319 indigenorum
2051 3245 2247 3302 crania
2357 3245 2762 3302 transmittere.
2878 3244 3057 3316 Quod

603 3364 841 3439 quidem
896 3365 974 3422 ita
1028 3373 1372 3422 exsecutum
1427 3373 1514 3422 est
1565 3373 1627 3422 vt
1679 3383 1798 3422 non
1853 3364 2045 3422 solum
2100 3373 2221 3422 tam
2273 3364 2441 3422 virile
2496 3383 2673 3439 quam
2727 3365 3054 3422 femineum

602 3485 766 3542 istius
842 3485 1029 3559 gentis
1106 3485 1372 3542 cranium
1448 3484 1848 3553 adueheretur,
1925 3503 2131 3542 verum
2207 3493 2263 3542 et
2338 3493 2616 3559 tanquam
2691 3485 3056 3542 rarissimum

603 3604 905 3662 cimelium
981 3604 1245 3662 additum
1321 3613 1475 3662 esset
1548 3605 1840 3679 integrum
1914 3604 2043 3662 Indi
2117 3604 2484 3662 Brasiliensis
2560 3613 2734 3679 caput
2806 3605 3054 3679 integer-

602 3725 820 3782 rimum
889 3724 1232 3782 admiranda
1299 3724 1472 3799 plane
1541 3733 1598 3782 et
1664 3725 1789 3782 fere
1856 3724 2437 3799 incomprehensibili
2505 3725 2728 3782 ratione
2796 3725 3057 3782 mumiae

604 3844 677 3902 ad
752 3845 931 3902 instar
1006 3844 1310 3902 conditum
1387 3853 1445 3902 et
1520 3845 1684 3902 omni
1762 3853 1967 3902 ornatu
2043 3863 2221 3919 quem
2298 3844 2607 3902 defunctus
2683 3863 2790 3919 pro
2867 3845 3054 3919 gentis

604 3983 741 4022 suae
836 3983 1001 4022 more
1097 3964 1397 4039 quondam
1491 3973 1749 4039 gesserat
1844 3964 2033 4022 adhuc
2129 3965 2493 4022 instructum.
2593 3964 2763 4036 Quae
2858 3965 3057 4022 omnia

604 4084 879 4159 singulari
982 4103 1120 4142 cura
1221 4084 1565 4159 perillustris
1669 4097 1757 4141 DE
1857 4086 2097 4142 MELLO
2200 4086 2477 4142 FRANCO
2580 4084 2800 4142 medici
2904 4084 3059 4159 apud

602 4204 1091 4279 Vlyssiponenses
1156 4204 1327 4262 aulici
1390 4204 1738 4273 felicissimi,
1804 4205 1902 4279 qui
1966 4204 2205 4279 quidem
2267 4205 2396 4279 ipse
2458 4205 2519 4261 in
2580 4204 2825 4262 Brasilia
2887 4213 3054 4262 natus

603 4324 704 4382 diu
727 4324 886 4382 illinc
913 4324 1166 4399 degerat,
1194 4324 1267 4382 ad
1291 4343 1498 4382 manus
1523 4343 1686 4382 meas
1711 4333 2117 4399 peruenerunt.

789 4503 950 4560 Miro
1017 4502 1262 4560 artificio
1327 4511 1737 4577 praeparatum
1801 4511 1976 4577 caput
2038 4521 2157 4560 non
2221 4502 2459 4577 quidem
2526 4521 2558 4560 a
2621 4503 2797 4560 totius
2863 4503 3052 4560 cuius-

603 4622 741 4680 dam
788 4623 1052 4697 corporis
1098 4622 1394 4680 medicato
1441 4623 1647 4680 funere
1694 4631 2028 4697 separatum
2075 4631 2178 4691 est,
2228 4622 2333 4680 sed
2380 4623 2575 4680 statim
2621 4631 2755 4697 post
2800 4631 3053 4680 mortem

603 4742 864 4800 defuncti
890 4742 1217 4800 abscissum
1241 4743 1424 4800 fuisse
1450 4751 1697 4817 oportet,
1726 4742 2015 4817 siquidem
2040 4743 2188 4800 cutis
2214 4761 2362 4817 quae
2387 4742 2763 4800 mandibulae

2782 4922 3060 4979 inferiora

1211 510 1279 567 16
1907 511 2066 567 J.F.
2123 510 2934 567 BLVMENBACHII

1202 735 1480 792 inferiora
1532 735 1673 809 tegit
1725 743 1783 792 et
1835 734 1973 792 colli
2028 735 2253 792 anticae
2305 735 2455 809 parti
2508 734 2764 809 praefixa
2818 743 2955 803 erat,
3013 734 3330 809 aequaliter
3382 743 3544 792 tensa
3598 743 3655 792 et

1202 855 1326 912 fere
1388 873 1572 929 vsque
1638 854 1710 912 ad
1774 855 2043 912 foramen
2106 873 2387 929 magnum
2452 854 2762 929 occipitale
2826 863 3070 912 retracta
3135 863 3191 912 et
3255 854 3476 929 absque
3538 854 3654 912 vlla

1204 983 1398 1032 sutura
1467 974 1606 1032 solis
1675 974 2060 1032 bituminibus
2130 983 2285 1032 arcte
2352 974 2577 1049 reliquo
2646 975 2822 1049 capiti
2890 975 3154 1032 inferiori
3223 975 3388 1049 quasi
3458 974 3651 1049 agglu—

1203 1095 1381 1152 tinata
1439 1103 1544 1163 est;
1604 1094 1764 1169 quod
1822 1094 2062 1169 quidem
2119 1113 2238 1152 non
2295 1095 2408 1152 nisi
2466 1095 2526 1151 in
2583 1095 2804 1152 recenti
2864 1094 3150 1152 cadauere
3208 1094 3334 1152 fieri
3392 1095 3656 1169 potuisse

1201 1214 1293 1272 vel
1317 1215 1509 1289 primo
1534 1215 1744 1272 intuitu
1769 1223 2008 1289 apparet
2033 1215 2113 1286 u).

1391 1392 1559 1450 Cutis
1626 1393 1990 1467 ipsissimum
2058 1392 2247 1450 adhuc
2317 1411 2389 1450 ex
2455 1411 2672 1467 cupreo
2740 1392 3123 1467 fuliginosum
3190 1392 3452 1450 colorem
3518 1411 3657 1467 prae

1204 1531 1267 1570 se
1290 1513 1403 1570 fert
1426 1513 1525 1587 qui
1549 1512 1887 1570 Brasilianis
1912 1513 2141 1570 natiuus
2167 1521 2269 1570 est.

1391 1691 1889 1766 Capillamentum
1992 1692 2215 1749 circum
2314 1692 2596 1749 verticem
2698 1691 2870 1766 plane
2972 1691 3260 1760 abrasum,
3364 1692 3425 1748 in
3524 1692 3656 1766 ipso

1201 1812 1419 1869 vertice
1480 1820 1770 1886 superstes
1831 1811 2070 1886 quidem
2131 1811 2236 1869 sed
2294 1811 2491 1880 breue,
2553 1830 2709 1886 pone
2770 1830 2934 1869 aures
2995 1811 3243 1886 longius,
3304 1812 3366 1868 in
3422 1812 3652 1869 vniuer-

1204 1950 1333 1989 sum
1357 1932 1739 2006 nigerrimum
1763 1931 2206 2006 rigidiusculum
2228 1932 2309 2003 x).

1389 2109 1582 2167 Barba
1606 2110 1794 2167 tenuis
1818 2110 1880 2166 in
1902 2109 2065 2167 labro
2092 2110 2376 2184 superiori
2401 2118 2457 2167 et
2482 2110 2729 2184 sparsim
2753 2110 2814 2166 in
2837 2118 3037 2167 mento
3063 2110 3143 2183 y).

1391 2287 1633 2345 Orbitae
1730 2296 1787 2345 et
1882 2306 1948 2345 os
2046 2287 2192 2345 duro
2288 2287 2576 2345 bitumine
2671 2287 2906 2362 repleta.
3008 2287 3252 2345 Clausas
3348 2287 3656 2362 palpebras

1204 2407 1530 2482 significant
1592 2407 1791 2465 bacilli
1856 2408 2012 2465 ossei
2076 2408 2345 2482 vtrinque
2408 2407 2532 2465 bini
2596 2407 2857 2482 paralleli
2923 2408 3312 2482 approximati
3377 2426 3449 2465 ex
3514 2407 3652 2465 den-

1203 2527 1356 2585 tibus
1424 2527 1460 2585 S
1485 2528 1660 2585 avia
1680 2546 1713 2585 e
1735 2527 2067 2601 capybarae
2134 2527 2340 2602 scalpti
2406 2536 2464 2585 et
2526 2527 2801 2585 bitumini
2866 2527 3205 2585 firmissime
3269 2527 3654 2585 inhaerentes.

1204 2647 1311 2705 Ori
1393 2656 1595 2705 contra
1676 2647 1854 2705 infixa
1937 2656 2067 2705 sunt
2148 2647 2285 2705 bina
2367 2656 2626 2705 extrema
2707 2647 2900 2722 laquei
2983 2648 3283 2722 gossypini
3366 2647 3655 2722 bipedalis

1202 2767 1601 2842 longitudinis,
1628 2786 1745 2842 quo
1769 2776 1831 2825 vt
1854 2768 2172 2825 coniectari
2196 2767 2333 2825 licet
2357 2776 2531 2842 caput
2553 2768 2750 2842 ipsum
2775 2767 3250 2842 suspendebatur.

1389 2947 1566 3004 Auris
1632 2947 1932 3021 vtriusque
1999 2946 2409 3021 cartilagineae
2475 2946 2664 3021 longis
2730 2947 2999 3004 incisuris
3065 2965 3171 3021 pro
3237 2965 3404 3004 more
3470 2947 3657 3021 gentis

1202 3067 1400 3124 innexi
1426 3075 1556 3124 sunt
1579 3067 1759 3124 crassi
1784 3067 1958 3124 flocci
1982 3066 2217 3124 filorum
2241 3067 2710 3141 gossypinorum.

1389 3246 1523 3319 Ipse
1594 3244 1847 3319 denique
1917 3253 2152 3302 ornatus
2223 3244 2487 3302 frontalis
2559 3263 2631 3302 ex
2700 3244 3108 3319 pulcherrimis
3178 3245 3387 3319 pennis
3460 3245 3657 3302 auium

1202 3364 1626 3439 indigenarum,
1680 3364 2005 3422 Tantali
2075 3364 2250 3433 rubri,
2304 3364 2784 3439 Ramphasti
2854 3367 3064 3433 tucani,
3118 3373 3175 3422 et
3225 3366 3269 3421 P
3292 3365 3537 3422 sittac
3560 3383 3638 3422 o-

1202 3503 1230 3541 r
1247 3504 1286 3542 u
1304 3503 1366 3541 m
1474 3485 1819 3559 praesertim
1893 3487 2198 3542 macaonis
2272 3493 2330 3542 et
2402 3504 2739 3542 araraunae
2813 3485 3178 3559 compositus
3253 3493 3310 3542 et
3383 3484 3658 3542 funiculis

1202 3605 1532 3679 gossypinis
1559 3604 1873 3662 artificiose
1897 3613 2202 3662 contextus
2228 3613 2315 3662 est
2337 3625 2368 3668 z
2370 3605 2413 3676 ).

1391 3782 1586 3840 Omisi
1645 3782 1791 3840 haec
1851 3783 1912 3839 in
1969 3783 2141 3840 icone
2198 3791 2260 3840 vt
2318 3783 2524 3857 capitis
2583 3783 2765 3857 ipsius
2825 3783 3018 3840 forma
3076 3801 3149 3840 eo
3208 3782 3419 3840 melius
3479 3801 3653 3857 appa-

1202 3911 1368 3971 reret,
1455 3902 1615 3977 quod
1699 3902 1938 3977 quidem
2022 3902 2366 3977 depressum
2449 3902 2628 3960 breue
2712 3911 2769 3960 et
2851 3903 2976 3960 fere
3059 3902 3372 3977 globosum
3456 3911 3658 3960 exacte

1202 4022 1515 4097 respondet
1598 4022 1979 4097 descriptioni
2062 4023 2287 4097 Equitis
2372 4024 2573 4080 PINTO
2657 4023 3026 4080 Vicecomitis
3111 4035 3198 4079 DE
3279 4024 3659 4080 BALSEMAM

1203 4143 1302 4217 qui
1366 4142 1826 4200 Brasilianorum
1889 4143 2106 4200 faciem
2171 4143 2359 4217 magis
2425 4142 2497 4200 ab
2562 4142 2720 4200 ouali
2784 4151 3075 4200 remotam
3140 4161 3270 4200 esse
3336 4143 3413 4200 ait
3477 4161 3655 4217 quam

1202 4263 1263 4319 in
1285 4262 1401 4320 vlla
1426 4262 1536 4320 alia
1560 4263 1823 4320 fortassis
1848 4271 2020 4337 gente
2045 4263 2128 4334 a).

1314 4436 1380 4493 u).
1461 4435 1675 4482 Pluribus
1751 4435 1862 4482 noui
1941 4435 2066 4482 orbis
2141 4435 2351 4482 barbaris
2426 4435 2614 4495 populis
2689 4435 2837 4482 moris
2914 4443 3023 4490 erat,
3103 4435 3386 4482 Cazicorum
3463 4450 3655 4482 suorum

1390 4531 1721 4578 defunctorum
1790 4531 1942 4591 capita
2011 4546 2037 4578 a
2104 4531 2284 4591 reliquo
2354 4531 2583 4578 cadauere
2652 4546 2868 4591 separere
2936 4539 2981 4578 et
3050 4531 3249 4578 seorsim
3318 4546 3518 4578 seruare.
3591 4531 3641 4578 cf
3647 4571 3654 4578 .

1388 4643 1431 4674 V.
1493 4642 1533 4674 c.
1594 4629 1861 4682 HERRERA,
1921 4627 2094 4674 hechos
2150 4627 2209 4674 de
2266 4627 2335 4674 los
2392 4627 2681 4674 Castellanos
2739 4629 2858 4674 Dec.
2918 4629 2993 4674 III.
3055 4629 3106 4674 L.
3167 4629 3246 4674 IV.
3304 4642 3350 4687 p.
3416 4628 3521 4674 164.
3582 4627 3655 4674 ed.

1390 4722 1544 4769 Madr.
1573 4722 1711 4769 1601.
1734 4730 1779 4769 et
1798 4724 1984 4769 ZOEGA
2004 4722 2063 4769 de
2082 4724 2190 4782 orig.
2216 4722 2522 4769 obeliscorum
2540 4737 2585 4782 p.
2609 4722 2719 4769 270.

1314 4819 1380 4876 x).
1402 4834 1444 4865 v.
1466 4819 1596 4865 ANT.
1619 4820 1822 4865 KNIVET
1841 4818 1888 4864 in
1909 4818 2151 4865 Purchas's
2169 4818 2380 4878 Pilgrims
2399 4820 2450 4865 T.
2473 4820 2551 4865 IV.
2573 4833 2619 4878 p.
2647 4819 2770 4865 1228
2792 4833 2859 4878 sq.

1313 4915 1379 4974 y).
1427 4930 1470 4961 v.
1519 4915 1798 4961 BARROW'S
1847 4930 2024 4974 voyage
2069 4924 2114 4961 to
2160 4914 2200 4961 C
2221 4929 2250 4961 o
2269 4929 2294 4961 c
2313 4914 2427 4960 hin
2447 4929 2472 4961 c
2491 4914 2605 4960 hin
2625 4929 2651 4961 a
2730 4929 2775 4974 p.
2830 4914 2921 4961 110
2968 4914 3027 4961 de
3072 4914 3343 4961 Brasilianis
3390 4929 3508 4974 quos
3554 4914 3657 4974 ipse

1388 5010 1581 5057 Viderat:
1603 5010 1718 5065 *,,the
1737 5010 1884 5057 beard
1903 5026 2001 5057 was
2021 5010 2179 5057 visible
2198 5010 2304 5070 only
2324 5026 2384 5057 on
2404 5010 2478 5057 the
2498 5026 2643 5070 upper
2660 5010 2721 5070 lip
2740 5010 2839 5057 and
2857 5010 3006 5057 under
3024 5010 3097 5057 the
3116 5010 3279 5057 chinf"

1314 5107 1375 5164 z).
1399 5108 1542 5152 LERV
1560 5106 1608 5152 in
1627 5117 1696 5152 DE
1715 5108 1827 5152 BRV
1846 5107 2091 5153 Americae
2110 5108 2158 5153 P.
2181 5108 2256 5153 III.
2277 5121 2323 5166 p.
2351 5107 2456 5153 166.
2478 5106 2525 5153 it.
2550 5108 2862 5153 MARCGRAV
2879 5121 2925 5166 p.
2948 5106 3058 5153 270.

1315 5203 1377 5260 a).
1400 5217 1472 5262 ap.
1495 5204 1828 5257 ROBERTSON,
1850 5202 2024 5262 history
2043 5203 2102 5262 of
2114 5203 2331 5249 America
2350 5204 2401 5249 T.
2425 5204 2479 5249 II.
2500 5217 2545 5262 p.
2568 5202 2679 5249 403.
2702 5202 2775 5249 ed.
2797 5202 2938 5249 Basil.

639 495 820 552 DEC.
850 495 1161 567 QVINTA
1179 495 1408 552 COLL.
1440 495 1639 552 SVAE
1665 495 1909 552 CRAN.
1936 496 2093 552 DIV.
2117 495 2348 552 GENT.
2374 495 2721 552 ILLVSTR.
2988 495 3058 552 17

1182 723 1494 790 XLVIII.
1529 723 1892 790 FEMINAE
1919 723 2474 790 BRASILIANAE.

1535 886 1599 955 (—
1619 885 1756 942 Tab.
1783 887 2037 942 XLVIII.
2063 886 2126 955 —)

791 1061 985 1136 Caput
1104 1080 1372 1136 paruum,
1496 1061 1790 1136 eleganter
1909 1062 2363 1119 conformatum.
2488 1063 2670 1119 Frons
2791 1061 3053 1136 globosa.

602 1183 795 1239 Nasus
864 1181 1210 1256 depressior,
1282 1181 1477 1256 ampla
1545 1190 1743 1239 tamen
1810 1181 2058 1239 olfactus
2128 1181 2364 1239 officina
2435 1181 2517 1253 b),
2653 1182 2831 1239 etiam
2901 1182 3057 1239 sinus

602 1301 879 1359 frontales
982 1301 1258 1370 tuberosi,
1363 1301 1523 1376 quod
1624 1302 1685 1358 in
1785 1302 2024 1359 feminis
2126 1320 2339 1359 rarum.
2444 1301 2693 1359 Maxilla
2796 1302 3059 1376 superior

602 1440 811 1496 parum
896 1422 1256 1496 prominens;
1342 1422 1635 1479 inferioris
1724 1440 1889 1479 arcus
1976 1421 2265 1496 ellipticus
2351 1422 2558 1496 magis,
2646 1440 2765 1479 non
2848 1430 2910 1479 vt
2994 1422 3055 1478 in

604 1541 972 1616 aethiopibus
997 1541 1384 1616 parabolicus.

791 1720 1086 1778 Conuenit
1167 1721 1229 1777 in
1310 1721 1649 1778 vniuersum
1732 1729 1853 1778 tam
1936 1739 2073 1778 cum
2157 1721 2347 1795 capite
2431 1720 2590 1795 quod
2675 1720 3057 1778 antecedente

603 1840 797 1898 tabula
883 1840 1276 1909 exhibuimus,
1366 1859 1544 1915 quam
1631 1859 1768 1898 cum
1856 1841 2089 1898 eximiis
2176 1840 2445 1898 iconibus
2533 1840 2735 1898 militis
2822 1840 3055 1898 barbari

602 1960 911 2018 Brasiliani
966 1961 1021 2032 c)
1077 1969 1135 2018 et
1187 1961 1445 2018 feminae
1499 1961 1728 2018 iuuenis
1784 1960 2049 2018 eiusdem
2102 1961 2290 2035 gentis
2345 1979 2495 2035 quae
2550 1969 2784 2018 auctore
2839 1960 3054 2018 celebri

602 2081 825 2155 pictore
886 2082 1264 2138 FRANCISCO
1326 2082 1453 2138 POS
1514 2081 1584 2152 D)
1648 2093 1708 2137 In
1767 2080 2154 2155 pinacotheca
2214 2081 2393 2155 Regis
2455 2081 2682 2138 Daniae
2745 2080 3055 2138 adseruan-

603 2209 710 2269 tur,
793 2209 849 2258 et
927 2219 1179 2275 quorum
1259 2201 1491 2275 egregia
1571 2200 1905 2275 apographa
1983 2219 2163 2258 manu
2241 2200 2311 2258 cl.
2395 2201 2841 2258 ABILDGAARD
2922 2201 3058 2258 artis

602 2321 883 2395 pictoriae
964 2321 1320 2378 Professoris
1404 2320 1558 2395 apud
1639 2321 2002 2378 Havnienses
2085 2320 2397 2389 elaborata,
2481 2320 2551 2378 cl.
2639 2322 3058 2378 NEERGAARD

602 2442 689 2498 M.
718 2441 825 2497 Dri
850 2440 1058 2498 debeo.

751 2612 818 2670 b).
872 2612 1172 2659 Conueniunt
1223 2627 1333 2659 cum
1383 2627 1451 2667 ea,
1505 2627 1625 2672 quae
1675 2612 1734 2659 de
1784 2612 2005 2659 odoratus
2055 2612 2408 2659 Brasiliensium
2459 2612 2677 2659 acumine
2725 2612 2904 2672 passim
2953 2627 3052 2659 me-

863 2716 1118 2763 morantur,
1168 2716 1217 2755 vt
1265 2708 1312 2754 in
1363 2708 1450 2755 CL.
1501 2709 1859 2755 D'ABBEVILLE
1909 2708 2093 2755 histoire
2141 2708 2200 2755 de
2247 2708 2294 2755 la
2342 2710 2530 2755 mission
2580 2724 2636 2755 en
2686 2708 2702 2755 l
2710 2708 2797 2755 'isle
2844 2708 2903 2755 de
2948 2710 3052 2755 Ma-

864 2820 1044 2864 ragnon
1098 2819 1143 2864 p.
1202 2805 1311 2851 311.
1368 2804 1466 2859 ;,,Ils
1519 2814 1600 2851 ont
1651 2804 1667 2851 l
1675 2804 1850 2851 'odorat
1898 2806 1938 2851 si
1983 2805 2316 2864 parfaitement
2367 2804 2459 2851 bon
2513 2820 2575 2864 qu
2586 2804 2646 2851 'ils
2698 2806 3060 2864 recognoistront

858 2916 954 2960 par
1004 2900 1148 2960 iceluy
1197 2900 1456 2955 seulement,
1513 2916 1608 2947 non
1653 2900 1761 2960 plus
1811 2916 1870 2947 ne
1920 2902 2070 2947 moins
2120 2916 2182 2960 qu
2192 2901 2260 2947 'un
2313 2900 2455 2955 chien,
2512 2901 2630 2960 sauf
2676 2900 2692 2947 l
2700 2900 2951 2955 'humanite',
3010 2900 3057 2947 la

858 2998 977 3056 piste
1025 2996 1084 3043 de
1133 2996 1253 3043 leurs
1302 2998 1525 3050 ennemis;
1574 3006 1617 3043 et
1662 2996 1923 3043 discernent
1963 2996 2238 3056 facilement
2277 3012 2373 3056 par
2420 2996 2436 3043 l
2444 2996 2595 3056 'olfact
2641 2996 2762 3043 deux
2803 3012 3059 3056 personnes

864 3092 924 3139 de
942 3092 1145 3139 diuerses
1163 3093 1402 3139 nationsf"

753 3188 814 3245 c).
873 3189 944 3233 Ex
999 3202 1165 3234 eorum
1220 3202 1417 3234 numero
1474 3202 1674 3247 quorum
1729 3187 1932 3247 integras
1987 3195 2164 3234 turmas
2220 3187 2441 3247 sclopetis
2497 3195 2543 3234 et
2598 3187 2786 3234 ensibus
2841 3187 2928 3234 rite
2984 3202 3053 3234 ar-

863 3291 1028 3338 matas,
1089 3285 1165 3330 JO.
1227 3285 1524 3330 MAURITIUS
1585 3283 1873 3330 Nassouicus
1932 3283 2158 3330 Brasiliae
2216 3283 2439 3343 quamdiu
2499 3298 2525 3330 a
2583 3283 2770 3330 Batavis
2830 3291 3058 3343 occupata

865 3387 974 3434 erat,
1052 3379 1346 3439 gubernator,
1423 3379 1618 3426 formari
1694 3379 1902 3426 iusserat.
1979 3395 2022 3426 v.
2100 3381 2137 3426 J.
2216 3381 2264 3426 P.
2344 3380 2745 3426 AUGSPURGER'S
2821 3380 3052 3426 Seereisen

864 3475 1420 3522 nacherBrasilien
1472 3476 1817 3535 p.23.26.41.

753 3571 818 3629 d).
883 3571 1042 3629 Quem
1102 3571 1231 3618 idem
1295 3573 1590 3618 MAURITIUS
1655 3586 1804 3631 aeque
1865 3586 1918 3618 ac
1983 3571 2332 3631 Marcgrauium
2394 3579 2439 3618 et
2500 3571 2723 3618 Pisonem
2784 3586 2948 3618 secum
3009 3571 3056 3617 in

864 3667 1113 3714 Brasiliam
1186 3667 1329 3714 duxit.
1403 3683 1446 3714 V.
1525 3669 1862 3714 HOUBRAKEN
1933 3667 2235 3727 Schouburgh
2307 3667 2393 3714 der
2461 3667 2824 3714 Nederlantsche
2894 3669 3054 3714 Konst—

863 3762 1085 3809 schilders
1104 3764 1155 3809 T.
1179 3764 1232 3809 II.
1253 3777 1299 3822 p.
1323 3763 1432 3809 343.

1829 4273 1878 4331 C
2778 4274 3046 4331 VARIE-

1211 510 1278 567 18
1907 511 2066 567 J.F.
2123 510 2934 567 BLVMENBACHII

1918 740 2478 809 VARIETATIS
2511 740 2943 826 QVINTAE

1787 860 2585 929 SPECIMINA
2679 861 3069 929 BINA.

1696 1089 1963 1157 XLIX.
1995 1089 2411 1158 BUGGESSI
2441 1089 3164 1158 MACASSARENSIS.

2034 1253 2114 1322 (—
2168 1252 2355 1309 Tab.
2415 1254 2687 1309 XLIX.
2746 1253 2827 1322 —)

1352 1430 1441 1485 Ex
1500 1428 1873 1486 memorabili
1934 1428 2272 1486 Indicorum
2333 1429 2667 1486 craniorum
2728 1428 3077 1486 collectione
3138 1447 3252 1503 qua
3314 1437 3656 1503 apparatum

1202 1567 1404 1606 meum
1429 1548 1645 1606 ditasse
1671 1548 1760 1606 Cl.
1789 1550 2030 1606 JASSOV
2054 1549 2331 1606 Batauiae
2354 1548 2656 1606 medicum
2683 1567 2853 1623 supra
2876 1549 2996 1606 iam
3020 1549 3285 1606 memini.

1352 1727 1481 1784 Viri
1531 1735 1618 1784 est
1667 1727 1744 1784 30
1794 1727 2024 1784 circiter
2073 1745 2360 1784 annorum
2407 1727 2649 1784 nomine
2697 1728 2781 1784 La
2829 1728 2971 1795 Tua,
3023 1727 3122 1801 qui
3171 1726 3369 1784 lethali
3417 1726 3656 1784 vulnere

1202 1847 1263 1903 in
1286 1847 1637 1904 nosocomio
1662 1847 1940 1904 Batauiae
1965 1865 2039 1904 an
2069 1847 2242 1904 1803.
2271 1846 2509 1904 obierat.

1352 2026 1752 2100 Buggessi
1855 2044 1897 2083 s.
1967 2026 2416 2100 Bugginesi
2518 2044 2590 2083 ex
2656 2025 2865 2100 quibus
2933 2034 3092 2083 ortus
3160 2034 3297 2094 erat,
3368 2025 3657 2100 singulare

1202 2145 1374 2220 plane
1448 2145 1780 2220 Malayicae
1853 2146 2146 2203 varietatis
2222 2154 2473 2203 stemma
2547 2146 2608 2202 in
2683 2145 2915 2203 australi
2990 2145 3213 2203 insulae
3291 2145 3340 2203 C
3363 2145 3540 2203 eleb
3562 2164 3595 2203 e
3615 2164 3640 2203 s

1202 2265 1371 2340 plaga
1433 2266 1791 2323 constituunt
1855 2266 1910 2337 e)
1976 2265 2048 2323 ab
2111 2266 2253 2340 ipsis
2316 2265 2551 2340 reliquis
2615 2267 2789 2323 Mac
2812 2284 2889 2323 as
2912 2265 3236 2323 saribus
3333 2266 3416 2323 vti
3478 2284 3654 2340 pecu-

1202 2385 1329 2443 liari
1394 2385 1567 2460 plane
1631 2385 1829 2460 lingua
1894 2394 1951 2443 et
2014 2386 2264 2460 propriis
2329 2385 2628 2443 literarum
2693 2386 2901 2443 formis
2968 2394 3024 2443 et
3090 2385 3384 2443 scribendi
3449 2385 3651 2454 modo,

1202 2506 1280 2563 ita
1339 2514 1396 2563 et
1455 2506 1502 2563 si
1562 2524 1634 2563 ex
1693 2506 1875 2563 cranii
1934 2505 2008 2563 de
2067 2524 2184 2580 quo
2246 2506 2472 2580 agimus
2532 2506 3002 2563 conformatione
3062 2505 3279 2580 aliquid
3338 2506 3656 2563 coniectari

1202 2625 1355 2694 licet,
1420 2625 1583 2683 vultu
1646 2644 1751 2683 suo
1816 2625 1887 2683 ab
1951 2625 2078 2683 aliis
2141 2625 2451 2700 Malayicis
2514 2625 2783 2700 gentibus
2846 2625 3001 2683 haud
3063 2644 3272 2700 parum
3335 2625 3652 2683 diuersum.

1204 2745 1507 2820 Siquidem
1629 2745 1773 2803 illud
1894 2745 2267 2803 memorabili
2389 2745 2589 2803 habitu
2711 2745 3064 2820 quibusdam
3187 2746 3274 2803 sui
3395 2745 3656 2820 partibus

1204 2865 1535 2940 aethiopico
1621 2865 1806 2923 vultui
1894 2866 2359 2940 appropinquare
2445 2866 2506 2922 in
2593 2865 2719 2923 aliis
2807 2874 3008 2923 contra
3095 2865 3168 2923 ad
3254 2865 3657 2940 mongolicum

1203 2985 1649 3060 quodammodo
1755 2985 2037 3043 accedere
2140 2985 2385 3043 videtur.
2493 2986 2594 3043 Vti
2699 2986 2859 3043 enim
2963 2986 3144 3043 facies
3250 2985 3494 3043 decliuis
3599 2994 3657 3043 et

1204 3105 1511 3163 alueolaris
1602 3106 1887 3180 portionis
1980 3106 2203 3163 ossium
2293 3105 2688 3163 maxillarium
2779 3106 3169 3180 prominentia
3260 3124 3397 3163 cum
3486 3105 3656 3163 valde

1203 3225 1440 3300 obliqua
1495 3225 1759 3283 dentium
1814 3226 2136 3283 incisorum
2193 3226 2560 3300 superiorum
2615 3225 2937 3283 directione
2993 3234 3167 3300 caput
3220 3225 3334 3283 hoc
3392 3244 3424 3283 a
3478 3225 3656 3283 latere

1204 3354 1530 3420 spectatum
1612 3345 1943 3420 aethiopico
2025 3345 2180 3403 haud
2261 3345 2531 3403 absimile
2610 3345 2817 3414 reddit,
2901 3346 2980 3403 ita
3060 3354 3261 3403 contra
3341 3345 3501 3403 idem
3583 3345 3655 3403 ab

1204 3466 1393 3523 antica
1458 3466 1611 3523 facie
1679 3474 2023 3540 spectatum,
2092 3466 2303 3540 insigni
2370 3465 2674 3523 latitudine
2741 3466 2965 3523 ossium
3030 3465 3310 3540 iugalium
3377 3474 3434 3523 et
3500 3465 3652 3523 orbi-

1203 3594 1393 3643 tarum
1462 3585 1638 3660 plano
1707 3585 1943 3660 latoque
2013 3604 2157 3643 naso
2226 3585 2400 3660 longe
2472 3604 2504 3643 a
2574 3604 2637 3643 se
2705 3586 2963 3643 inuicem
3033 3585 3373 3643 distantium
3445 3585 3651 3660 ampli-

1203 3705 1404 3763 tudine
1429 3706 1607 3763 etiam
1631 3705 1953 3780 mongolici
1978 3705 2117 3780 quid
2140 3724 2280 3780 prae
2306 3724 2368 3763 se
2392 3706 2545 3763 ferre
2568 3705 2813 3763 videtur.

1352 3885 1656 3941 Praeterea
1727 3883 1998 3941 dentibus
2067 3883 2422 3958 primoribus
2495 3883 2889 3958 superioribus
2958 3884 3140 3941 vitrea
3212 3883 3528 3941 substantia
3597 3884 3658 3940 in

1202 4004 1354 4061 facie
1439 4004 1628 4061 antica
1710 4004 2036 4061 maximam
2118 4012 2345 4078 partem
2427 4004 2690 4078 gentium
2772 4004 3016 4061 istarum
3098 4022 3281 4072 more,
3367 4003 3655 4061 coticulae

1203 4142 1317 4198 ope
1377 4123 1566 4181 deleta
1626 4132 1713 4181 est
1765 4124 1850 4197 f),
1913 4142 2119 4181 omnes
2178 4142 2318 4181 vero
2378 4123 2581 4181 dentes
2641 4124 2920 4181 continuo
2980 4124 3361 4181 masticatorii
3419 4142 3526 4181 vsu
3585 4142 3657 4181 ex

1202 4244 1405 4318 pipere
1470 4243 1626 4301 betel
1692 4252 1749 4301 et
1816 4262 1985 4301 areca
2051 4262 2188 4301 cum
2255 4243 2417 4301 calce
2481 4244 2618 4301 viua
2684 4244 3019 4318 compositi,
3089 4243 3269 4301 densa
3335 4252 3392 4301 et
3456 4244 3654 4301 fusco-

1202 4364 1522 4438 nigricante
1547 4372 1739 4421 crusta
1763 4363 2004 4421 obducti
2026 4364 2108 4437 g).

1315 4537 1359 4594 e)
1433 4536 1512 4583 Cf.
1587 4537 1828 4583 FOREST'S
1902 4552 2079 4596 voyage
2141 4537 2273 4596 from
2345 4536 2554 4583 Calcutta
2626 4546 2670 4583 to
2740 4536 2815 4583 the
2882 4538 3063 4596 Mergui
3134 4566 3168 4569 —
3232 4536 3540 4596 Archipelago
3615 4544 3659 4583 et

1390 4634 1802 4679 RADERMACHER
1903 4632 1950 4678 in
2056 4632 2451 4692 Verhandelingen
2552 4648 2643 4679 van
2743 4632 2821 4679 het
2914 4632 3227 4679 Bataviaasch
3329 4632 3657 4692 Genootschap

1389 4729 1440 4774 T.
1530 4729 1605 4774 111.
1692 4742 1738 4787 p.
1827 4727 1937 4774 206.
2026 4729 2218 4774 Iconem
2304 4727 2646 4787 Buggessi
2765 4743 2808 4774 v.
2897 4727 2944 4773 in
3029 4727 3297 4787 Valentyn's
3383 4727 3651 4774 Oostindien

1389 4825 1440 4870 T.
1464 4825 1518 4870 11.
1539 4838 1584 4883 p.
1613 4824 1718 4870 182.
1740 4823 1832 4870 tab.
1854 4824 1932 4870 41.

1308 4920 1373 4979 f).
1399 4919 1613 4966 Pluribus
1633 4919 1692 4966 de
1711 4919 1802 4966 hoc
1821 4919 1911 4966 ritu
1931 4919 2005 4979 egi
2025 4919 2145 4966 libro
2166 4919 2225 4966 de
2240 4921 2419 4979 generis
2437 4919 2559 4966 hum.
2592 4921 2815 4966 Varietate
2833 4934 2878 4979 p.
2901 4919 3011 4966 230.
3034 4919 3107 4966 ed.
3131 4920 3174 4966 3.

1311 5016 1361 5075 g)
1384 5015 1464 5062 Cf.
1486 5015 1665 5062 Decad.
1688 5017 1767 5062 IV.
1789 5015 1867 5062 Ad
1885 5015 1976 5062 tab.
2001 5016 2076 5062 39.

639 495 820 552 DEC.
850 495 1161 567 QVINTA
1179 495 1408 552 COLL.
1440 495 1639 552 SVAE
1665 495 1909 552 CRAN.
1936 496 2093 552 DIV.
2117 495 2348 552 GENT.
2374 495 2721 552 ILLVSTR.
2988 495 3057 552 19

1476 722 1561 790 L.
1592 722 2185 803 MARQVESANI.

1531 886 1612 955 (—
1666 885 1852 942 Tab.
1912 887 1993 942 L.
2051 886 2131 955 —)

903 1061 1112 1119 Debeo
1194 1062 1559 1119 rarissimum
1640 1070 1698 1119 et
1779 1062 2065 1119 eximium
2145 1061 2333 1119 hocce
2415 1062 2680 1119 cranium
2763 1062 3056 1119 amicitiae

603 1181 971 1239 dilectissimi
1034 1181 1334 1256 quondam
1397 1181 1694 1250 auditoris,
1760 1181 1849 1239 Cl.
1918 1183 2361 1239 LANGSDORFF
2423 1183 2510 1239 M.
2577 1182 2714 1239 Dris
2777 1190 2834 1239 et
2895 1181 3056 1239 inde-

602 1302 743 1359 fessi
836 1301 1111 1359 naturalis
1204 1301 1481 1359 historiae
1575 1302 1929 1370 scrutatoris,
2025 1302 2123 1376 qui
2215 1302 2277 1358 in
2368 1320 2590 1376 nupero
2683 1301 3056 1359 memorabili

602 1421 848 1496 periplo,
933 1421 1342 1479 Ruthenorum
1424 1422 1843 1496 Augustissimi
1927 1422 2302 1496 Imperatoris
2385 1422 2563 1490 iussu,
2649 1421 2799 1479 duce
2882 1421 3054 1496 peril-

602 1541 765 1599 lustri
886 1550 943 1599 et
1061 1541 1235 1616 longe
1355 1542 1734 1599 meritissimo
1760 1554 1847 1598 DE
1967 1543 2464 1610 KRUSENSTERN,
2590 1541 2876 1610 absoluto,
2999 1542 3061 1598 in

602 1683 659 1739 N
678 1701 717 1739 u
735 1681 776 1738 k
794 1700 826 1739 a
845 1681 884 1738 h
903 1682 923 1738 i
939 1701 995 1739 W
1014 1700 1046 1739 a
1064 1681 1103 1738 h
1291 1682 1567 1756 primaria
1721 1700 2009 1739 nouarum
2162 1681 2528 1739 Marchionis
2682 1658 3062 1739 insularumm

604 1802 927 1876 acquisiuit,
1001 1801 1266 1876 mihique
1337 1801 1480 1859 dum
1552 1801 1741 1859 adhuc
1814 1820 1920 1876 per
1988 1801 2293 1859 biennium
2364 1802 2424 1858 in
2494 1801 2781 1859 Aleuticis
2853 1801 3055 1859 insulis

603 1930 660 1979 et
742 1922 952 1979 vicinis
1038 1922 1354 1979 Americae
1439 1921 1691 1979 borealis
1778 1922 1895 1979 oris
1981 1930 2260 1990 remanet,
2348 1922 2584 1979 interim
2668 1940 2774 1996 per
2859 1922 3053 1979 socios

602 2041 872 2099 laborum
928 2050 985 2099 et
1041 2041 1368 2099 studiorum
1424 2042 1484 2098 in
1539 2050 1699 2099 tanto
1756 2042 1961 2099 itinere
2016 2041 2266 2099 feliciter
2319 2042 2381 2098 in
2435 2043 2734 2116 Europam
2790 2041 3054 2110 reduces,

603 2161 760 2219 dono
784 2162 960 2219 misit.

902 2339 1136 2397 Incolae
1211 2339 1419 2397 harum
1493 2339 1814 2397 insularum
1889 2339 1961 2397 ab
2037 2339 2312 2397 omnibus
2388 2340 2487 2414 qui
2562 2358 2660 2397 eas
2735 2340 3058 2397 inuiserunt

602 2460 942 2534 Europaeis,
1022 2478 1139 2517 vno
1219 2478 1320 2517 ore
1399 2478 1504 2534 pro
1583 2459 1990 2534 pulcherrimis
2071 2459 2230 2534 quod
2309 2460 2572 2534 corporis
2654 2460 3057 2534 symmetriam

603 2588 660 2637 et
739 2580 1146 2654 proportiones
1230 2580 1447 2648 attinet,
1531 2598 1650 2637 non
1729 2580 2006 2637 immensi
2088 2588 2313 2637 tantum
2395 2580 2572 2637 maris
2654 2579 2888 2654 pacifici
2969 2580 3054 2636 in-

604 2699 957 2768 sulanorum,
1030 2699 1134 2757 sed
1202 2708 1259 2757 et
1325 2699 1532 2774 reliqui
1600 2718 1714 2774 qua
1780 2699 1895 2757 late
1963 2708 2121 2774 patet
2188 2699 2345 2757 orbis
2414 2700 2702 2774 terraquei
2770 2700 3050 2774 gentium,

603 2816 1028 2907 declaranturi-ï,
1115 2838 1275 2913 quod
1357 2839 1702 2913 praesertim
1787 2838 1877 2896 Cl.
1965 2840 2213 2907 TILESII,
2299 2840 2629 2896 Russorum
2711 2839 3058 2913 Imperatori

604 2958 675 3016 ab
759 2958 922 3016 aulae
1004 2958 1282 3027 consiliis,
1365 2959 1601 3033 meique
1684 2959 2072 3016 amantissimi
2154 2967 2387 3016 curatae
2469 2958 2865 3016 dimensiones
2946 2959 3056 3016 viri

602 3098 830 3155 iuuenis
926 3099 996 3154 M
1018 3116 1050 3155 a
1068 3116 1096 3154 r
1114 3116 1152 3172 q
1170 3117 1209 3155 u
1228 3116 1261 3155 e
1282 3116 1307 3155 s
1329 3116 1361 3155 a
1380 3098 1458 3154 ni
1586 3075 1939 3166 testanturQ,
2037 3116 2179 3172 quas
2274 3098 2519 3155 iunctim
2614 3116 2751 3155 cum
2844 3098 3057 3172 insigni

604 3226 882 3292 apparatu
905 3218 1145 3275 iconum
1169 3236 1365 3275 rerum
1389 3217 1739 3275 naturalium
1763 3218 2117 3292 peritissima
2140 3236 2320 3275 manu
2345 3217 2416 3275 ab
2441 3218 2572 3292 ipso
2597 3218 2658 3274 in

1737 3395 1786 3452 C
1811 3396 1847 3451 2
2825 3395 3025 3452 itinere

714 3566 920 3624 h).Malo
993 3581 1127 3613 more
1200 3566 1411 3626 plerique
1484 3581 1769 3626 nuperorum
1843 3574 2088 3613 nautarum
2163 3566 2241 3626 qui
2317 3566 2376 3613 ad
2448 3566 2591 3613 hasce
2664 3566 2837 3613 insulas
2912 3581 3055 3626 appu-

789 3662 940 3709 lerunt
1000 3662 1185 3709 diuersa
1245 3677 1367 3709 noua
1428 3662 1620 3709 nomina
1680 3662 1794 3722 ipsis
1854 3662 2193 3722 imposuerunt;
2255 3662 2363 3709 hinc
2423 3678 2466 3709 v.
2531 3677 2570 3709 c.
2634 3677 2660 3709 a
2720 3662 2843 3722 gallo
2908 3664 3058 3708 MAR-

790 3767 974 3804 CHAND
1048 3765 1273 3804 vocantur
1345 3757 1431 3804 Iles
1503 3757 1563 3804 de
1635 3757 1681 3804 la
1753 3757 2034 3812 Revolution,
2115 3757 2173 3804 ab
2247 3757 2384 3817 anglo
2459 3767 2567 3804 VAN
2641 3757 2864 3804 COUVER
2936 3759 3050 3804 Her-

786 3854 918 3913 gest's
1019 3853 1212 3908 Islands,
1322 3868 1348 3900 a
1451 3853 1992 3900 Bostonio-Americano
2098 3855 2312 3900 ROBERT
2423 3853 2753 3913 Washington's
2854 3853 3046 3900 Islands.

789 3949 1051 4009 Aptissime
1110 3964 1221 3996 vero
1280 3949 1580 3996 nominantur
1639 3951 1804 3996 Novae
1860 3951 2209 4009 Marquesanae
2269 3964 2378 3996 cum
2437 3949 2620 3996 vicinae
2680 3949 2769 3996 sint
2829 3949 3057 4009 antiquio-

788 4045 917 4092 ribus
987 4045 1200 4092 eiusdem
1268 4045 1474 4092 nominis
1544 4060 1663 4105 quae
1733 4045 1790 4092 ab
1860 4045 2071 4105 Hispano
2141 4045 2372 4092 navarcho
2443 4046 2569 4092 ALV.
2640 4056 2709 4091 DE
2779 4047 3059 4092 MENDANA

789 4141 886 4188 iam
905 4156 944 4188 a.
973 4142 1095 4188 1595
1117 4141 1267 4188 inuisa
1287 4149 1332 4188 et
1352 4141 1585 4201 descripta
1603 4141 1788 4201 pridem
1807 4141 2064 4201 Europaeis
2083 4141 2396 4188 innotuerunt.

714 4237 766 4295 i).
823 4253 866 4284 V.
926 4237 1103 4284 Cook's
1161 4253 1337 4297 voyage
1392 4247 1437 4284 to
1492 4237 1566 4284 the
1618 4237 1760 4284 South
1808 4237 1984 4297 pacific
2037 4238 2196 4284 Ocean
2253 4239 2304 4284 T.
2363 4239 2394 4284 I.
2451 4252 2497 4297 p.
2557 4237 2666 4284 308.
2725 4237 2864 4292 ;,,The
2919 4237 3049 4284 inha-

790 4332 957 4379 bitants
1015 4333 1074 4392 of
1127 4332 1201 4379 the
1260 4334 1315 4378 M
1334 4347 1360 4379 a
1378 4347 1400 4378 r
1419 4348 1449 4392 q
1467 4348 1497 4379 u
1517 4347 1544 4379 e
1563 4347 1584 4379 s
1603 4347 1629 4379 a
1649 4347 1701 4387 s,
1764 4332 2049 4392 collectively,
2113 4348 2196 4379 are
2254 4332 2445 4379 without
2499 4334 2732 4392 exception
2792 4332 2866 4379 the
2917 4332 3062 4392 jinest

789 4444 899 4475 race
952 4429 1011 4488 of
1052 4428 1222 4488 people
1277 4430 1321 4475 in
1375 4428 1461 4475 this
1513 4444 1605 4475 sea.
1664 4430 1756 4475 For
1801 4428 1904 4488 Jine
1955 4428 2103 4488 shape
2155 4428 2255 4475 and
2305 4428 2490 4488 regular
2535 4429 2745 4488 features
2799 4428 2902 4488 they
2948 4444 3053 4488 per-

789 4524 909 4584 haps
926 4540 1115 4584 surpass
1133 4524 1200 4571 all
1217 4524 1349 4571 other
1365 4526 1558 4571 nations.
1572 4525 1600 4541 "

714 4620 782 4678 k).
847 4636 890 4667 V.
958 4635 1038 4667 eas
1101 4620 1149 4666 in
1214 4622 1419 4667 VOIGTII
1483 4622 1701 4680 Magazin
1759 4621 1847 4680 fiir
1907 4620 1998 4667 den
2062 4630 2277 4667 neuesten
2340 4620 2549 4667 Zustand
2610 4620 2695 4667 der
2755 4620 3058 4667 Naturkunde

789 4718 840 4763 T.
896 4718 998 4763 XII.
1052 4731 1098 4776 p.
1153 4717 1248 4763 495
1303 4724 1348 4763 et
1399 4716 1447 4762 in
1500 4716 1713 4763 eiusdem
1764 4716 2086 4776 promptuarii,
2142 4718 2193 4763 T.
2249 4718 2329 4763 XI.
2383 4731 2428 4776 p.
2484 4717 2594 4763 299.
2650 4716 2838 4763 iconem
2889 4731 3056 4763 manus

788 4812 978 4872 reginae
1055 4812 1413 4859 Nukahivvensis
1491 4827 1517 4859 a
1595 4814 2002 4859 LANGSDORFFIO
2082 4820 2240 4859 curate
2317 4812 2611 4859 delineatam.
2689 4820 2738 4859 vt
2815 4812 3058 4872 specimen

790 4907 1031 4954 exhiberet
1100 4907 1261 4954 eximii
1331 4907 1513 4954 artificii
1584 4915 1628 4954 et
1697 4907 2027 4967 symmetricae
2096 4907 2352 4967 elegantiae
2420 4922 2510 4967 qua
2577 4907 2911 4954 memorabiles
2979 4907 3055 4954 isti

789 5003 987 5050 insulani
1063 5018 1262 5063 corpora
1336 5018 1417 5050 sua
1491 5018 1517 5050 a
1592 5003 1744 5063 capite
1817 5011 1865 5050 vt
1939 5003 2066 5050 aiunt
2138 5018 2286 5063 vsque
2361 5003 2420 5050 ad
2494 5003 2675 5050 calcem
2749 5003 3056 5050 scarificando

788 5099 990 5146 mirifice
1007 5099 1204 5159 pingunt
1225 5099 1374 5159 (quod
1391 5099 1569 5159 vulgari
1590 5099 1916 5146 Otaheitarum
1934 5099 2160 5146 idiomate
2180 5109 2372 5146 tatower
2390 5100 2570 5157 ocatur)

1203 510 1279 567 20
1907 511 2066 567 J.F.
2123 510 2934 567 BLVMENBACHII

1202 911 1407 968 itinere
1507 910 1928 968 delineatarum
2027 919 2084 968 et
2182 910 2525 968 doctissima
2623 929 2826 968 earum
2926 910 3320 985 descriptione
3419 929 3657 968 mecum

1204 1031 1394 1088 amice
1419 1031 1896 1088 communicauit.

1354 1208 1637 1266 Cranium
1699 1209 1895 1283 ipsum
1958 1210 2028 1265 M
2049 1227 2081 1266 a
2100 1227 2240 1283 rqu
2260 1227 2293 1266 e
2313 1227 2338 1266 s
2360 1227 2392 1266 a
2411 1209 2489 1265 ni
2585 1209 2668 1266 vti
2732 1208 2896 1266 totali
2960 1208 3198 1283 quidem
3261 1208 3462 1266 habitu
3523 1227 3655 1283 pro-

1202 1329 1331 1403 pius
1400 1328 1564 1386 abest
1630 1328 1702 1386 ab
1770 1347 1842 1386 eo
1911 1328 2219 1386 Otaheitae
2287 1328 2447 1403 quod
2514 1328 2654 1386 alias
2724 1329 2789 1400 (—
2855 1330 3001 1386 Dec.
3072 1330 3167 1386 III.
3238 1328 3351 1386 tab.
3424 1329 3519 1386 36.
3588 1329 3653 1400 —)

1203 1448 1460 1517 exhibui,
1529 1449 1608 1506 ita
1676 1457 1732 1506 et
1798 1449 1859 1505 in
1926 1448 2306 1523 singularium
2373 1449 2627 1523 partium
2693 1448 2915 1506 fabrica
2982 1448 3281 1523 peculiari,
3350 1457 3412 1506 vt
3476 1468 3530 1506 v.
3602 1467 3651 1506 c.

1202 1569 1337 1643 iugo
1394 1568 1633 1626 elatiore
1689 1568 1849 1643 quod
1904 1569 2160 1626 frontem
2215 1568 2478 1626 mediam
2535 1568 2608 1626 ad
2665 1577 2895 1626 suturae
2951 1568 3150 1626 locum
3206 1569 3489 1643 percurrit
3543 1577 3653 1626 etc.

1204 1697 1459 1746 attamen
1547 1689 2032 1746 conformationis
2122 1688 2407 1763 elegantia
2494 1688 2608 1746 hoc
2697 1689 2894 1763 ipsum
2981 1688 3155 1763 longe
3244 1688 3489 1757 excedit,
3583 1688 3656 1746 ad

1202 1808 1381 1866 latera
1487 1809 1675 1883 magis
1784 1827 2209 1883 compressum,
2318 1809 2551 1866 verticis
2659 1809 2886 1866 fornice
2994 1808 3290 1883 pulchrius
3400 1817 3653 1877 arcuato,

1202 1928 1600 2003 bregmatibus
1682 1947 1801 1986 non
1883 1928 2032 1986 adeo
2116 1928 2421 1997 tuberosis,
2508 1928 2831 2003 superciliis
2914 1929 3100 1986 osseis
3182 1947 3367 2003 prope
3448 1947 3656 1986 nasum

1202 2049 1396 2106 minus
1483 2048 1723 2106 tumidis
1811 2048 2055 2123 aliisque
2138 2048 2231 2106 vel
2316 2067 2388 2106 ex
2472 2049 2713 2106 iconum
2798 2049 3239 2123 comparatione
3323 2048 3655 2123 patentibus

1202 2169 1537 2226 momentis.

1354 2346 1713 2421 Ceteroquin
1803 2355 1977 2421 caput
2064 2346 2178 2404 hoc
2271 2346 2547 2421 singulari
2636 2346 2819 2404 modo
2909 2365 3014 2421 pro
3105 2365 3270 2404 more
3359 2346 3656 2404 bellicosis

1202 2467 1326 2524 istis
1447 2466 1942 2541 anthropophagis
2062 2466 2331 2535 solemni,
2453 2467 2552 2541 qui
2670 2485 2886 2541 nempe
3005 2467 3342 2524 occisorum
3461 2467 3657 2524 crania

1203 2595 1480 2661 tanquam
1547 2586 1825 2661 trophaea
1892 2605 2095 2644 secum
2160 2595 2387 2661 gestare
2454 2586 2657 2655 solent,
2726 2586 2968 2661 ligatum
3035 2595 3092 2644 et
3158 2586 3230 2644 ad
3297 2586 3651 2661 suspenden-

1203 2706 1345 2764 dum
1419 2715 1679 2781 aptatum
1751 2715 1856 2775 est;
1930 2725 2047 2781 quo
2120 2706 2358 2781 quidem
2430 2706 2547 2764 fine
2618 2706 2919 2781 cingulum
2991 2725 3063 2764 ex
3135 2707 3370 2764 corticis
3442 2725 3656 2764 nucem

1203 2845 1382 2884 cocos
1454 2826 1763 2884 ambientis
1831 2826 1993 2884 fibris
2064 2826 2378 2884 artificiose
2447 2826 2686 2901 plexum
2755 2845 2860 2901 per
2926 2827 3156 2884 narium
3224 2835 3486 2884 meatum
3555 2826 3654 2884 de-

1203 2965 1437 3004 currens
1497 2946 1902 3004 mandibulam
1959 2947 2300 3004 inferiorem
2360 2965 2497 3004 cum
2556 2947 2684 3021 ipsa
2743 2946 2995 3004 caluaria
3053 2946 3392 3004 firmissime
3451 2947 3652 3021 iungit,

1203 3066 1362 3141 quod
1443 3075 1500 3124 et
1580 3075 1879 3141 praeterea
1959 3066 2154 3141 ligneo
2237 3066 2499 3141 cylindro
2581 3067 2810 3124 narium
2893 3075 3196 3141 aperturae
3277 3067 3499 3124 intruso
3582 3085 3655 3124 eo

1202 3187 1390 3261 magis
1465 3186 1774 3244 immobile
1849 3186 2127 3255 redditur;
2203 3186 2496 3244 funiculus
2574 3195 2769 3244 autem
2844 3205 2916 3244 ex
2990 3186 3203 3244 iisdem
3278 3186 3440 3244 fibris
3516 3205 3653 3244 con-

1203 3315 1390 3364 textus
1417 3306 1826 3381 suspendendo
1852 3307 2028 3381 capiti
2052 3307 2309 3364 inseruit.
